%YAML 1.1
%TAG !u! tag:unity3d.com,2011:
--- !u!1 &1796012978934375933
GameObject:
  m_ObjectHideFlags: 0
  m_CorrespondingSourceObject: {fileID: 0}
  m_PrefabInstance: {fileID: 0}
  m_PrefabAsset: {fileID: 0}
  serializedVersion: 6
  m_Component:
  - component: {fileID: 541753404045493137}
  m_Layer: 0
  m_Name: RedTorsoUfo
  m_TagString: Untagged
  m_Icon: {fileID: 0}
  m_NavMeshLayer: 0
  m_StaticEditorFlags: 0
  m_IsActive: 1
--- !u!4 &541753404045493137
Transform:
  m_ObjectHideFlags: 0
  m_CorrespondingSourceObject: {fileID: 0}
  m_PrefabInstance: {fileID: 0}
  m_PrefabAsset: {fileID: 0}
  m_GameObject: {fileID: 1796012978934375933}
  m_LocalRotation: {x: 0, y: 0, z: 0, w: 1}
  m_LocalPosition: {x: 0, y: 0, z: 0}
  m_LocalScale: {x: 0.03, y: 0.03, z: 0.03}
  m_Children:
  - {fileID: 673469517833327550}
  - {fileID: 5870100503836740000}
  - {fileID: 7481838175950805387}
  - {fileID: 5247267345877716596}
  - {fileID: 498472903956177430}
  - {fileID: 4088089301792008417}
  - {fileID: 7071879647890506554}
  m_Father: {fileID: 0}
  m_RootOrder: 0
  m_LocalEulerAnglesHint: {x: 0, y: 0, z: 0}
--- !u!1001 &539636897672538824
PrefabInstance:
  m_ObjectHideFlags: 0
  serializedVersion: 2
  m_Modification:
    m_TransformParent: {fileID: 541753404045493137}
    m_Modifications:
    - target: {fileID: 4987971984840193679, guid: aa04a5f484c3d50439d27897b60379a5,
        type: 3}
      propertyPath: m_Name
      value: red_ufo_neck_torso
      objectReference: {fileID: 0}
    - target: {fileID: 114774244268706014, guid: aa04a5f484c3d50439d27897b60379a5,
        type: 3}
      propertyPath: m_LocalPosition.x
      value: 0
      objectReference: {fileID: 0}
    - target: {fileID: 114774244268706014, guid: aa04a5f484c3d50439d27897b60379a5,
        type: 3}
      propertyPath: m_LocalPosition.y
      value: 0
      objectReference: {fileID: 0}
    - target: {fileID: 114774244268706014, guid: aa04a5f484c3d50439d27897b60379a5,
        type: 3}
      propertyPath: m_LocalPosition.z
      value: 0
      objectReference: {fileID: 0}
    - target: {fileID: 114774244268706014, guid: aa04a5f484c3d50439d27897b60379a5,
        type: 3}
      propertyPath: m_LocalRotation.x
      value: 0
      objectReference: {fileID: 0}
    - target: {fileID: 114774244268706014, guid: aa04a5f484c3d50439d27897b60379a5,
        type: 3}
      propertyPath: m_LocalRotation.y
      value: 0
      objectReference: {fileID: 0}
    - target: {fileID: 114774244268706014, guid: aa04a5f484c3d50439d27897b60379a5,
        type: 3}
      propertyPath: m_LocalRotation.z
      value: 0
      objectReference: {fileID: 0}
    - target: {fileID: 114774244268706014, guid: aa04a5f484c3d50439d27897b60379a5,
        type: 3}
      propertyPath: m_LocalRotation.w
      value: 1
      objectReference: {fileID: 0}
    - target: {fileID: 114774244268706014, guid: aa04a5f484c3d50439d27897b60379a5,
        type: 3}
      propertyPath: m_RootOrder
      value: 4
      objectReference: {fileID: 0}
    - target: {fileID: 114774244268706014, guid: aa04a5f484c3d50439d27897b60379a5,
        type: 3}
      propertyPath: m_LocalEulerAnglesHint.x
      value: 0
      objectReference: {fileID: 0}
    - target: {fileID: 114774244268706014, guid: aa04a5f484c3d50439d27897b60379a5,
        type: 3}
      propertyPath: m_LocalEulerAnglesHint.y
      value: 0
      objectReference: {fileID: 0}
    - target: {fileID: 114774244268706014, guid: aa04a5f484c3d50439d27897b60379a5,
        type: 3}
      propertyPath: m_LocalEulerAnglesHint.z
      value: 0
      objectReference: {fileID: 0}
    - target: {fileID: 2885659228716809159, guid: aa04a5f484c3d50439d27897b60379a5,
        type: 3}
      propertyPath: SortingLayer
      value: TorsoNeck
      objectReference: {fileID: 0}
    - target: {fileID: 5711514052389184508, guid: aa04a5f484c3d50439d27897b60379a5,
        type: 3}
      propertyPath: m_LocalRotation.x
      value: 0
      objectReference: {fileID: 0}
    - target: {fileID: 5711514052389184508, guid: aa04a5f484c3d50439d27897b60379a5,
        type: 3}
      propertyPath: m_LocalRotation.y
      value: 0
      objectReference: {fileID: 0}
    - target: {fileID: 5711514052389184508, guid: aa04a5f484c3d50439d27897b60379a5,
        type: 3}
      propertyPath: m_LocalRotation.z
      value: 0.0050413427
      objectReference: {fileID: 0}
    - target: {fileID: 5711514052389184508, guid: aa04a5f484c3d50439d27897b60379a5,
        type: 3}
      propertyPath: m_LocalRotation.w
      value: 0.9999873
      objectReference: {fileID: 0}
    - target: {fileID: 5711514052389184508, guid: aa04a5f484c3d50439d27897b60379a5,
        type: 3}
      propertyPath: m_LocalPosition.x
      value: -0.13839254
      objectReference: {fileID: 0}
    - target: {fileID: 5711514052389184508, guid: aa04a5f484c3d50439d27897b60379a5,
        type: 3}
      propertyPath: m_LocalPosition.y
      value: -0.8693275
      objectReference: {fileID: 0}
    - target: {fileID: 8104999946966406148, guid: aa04a5f484c3d50439d27897b60379a5,
        type: 3}
      propertyPath: m_LocalRotation.x
      value: 0
      objectReference: {fileID: 0}
    - target: {fileID: 8104999946966406148, guid: aa04a5f484c3d50439d27897b60379a5,
        type: 3}
      propertyPath: m_LocalRotation.y
      value: 0
      objectReference: {fileID: 0}
    - target: {fileID: 8104999946966406148, guid: aa04a5f484c3d50439d27897b60379a5,
        type: 3}
      propertyPath: m_LocalRotation.z
      value: 0.07295312
      objectReference: {fileID: 0}
    - target: {fileID: 8104999946966406148, guid: aa04a5f484c3d50439d27897b60379a5,
        type: 3}
      propertyPath: m_LocalRotation.w
      value: -0.9973354
      objectReference: {fileID: 0}
    - target: {fileID: 8104999946966406148, guid: aa04a5f484c3d50439d27897b60379a5,
        type: 3}
      propertyPath: m_LocalPosition.x
      value: -0.48878136
      objectReference: {fileID: 0}
    - target: {fileID: 8104999946966406148, guid: aa04a5f484c3d50439d27897b60379a5,
        type: 3}
      propertyPath: m_LocalPosition.y
      value: 4.04712
      objectReference: {fileID: 0}
    - target: {fileID: 7864356378809483502, guid: aa04a5f484c3d50439d27897b60379a5,
        type: 3}
      propertyPath: m_LocalPosition.x
      value: -0.00000014245511
      objectReference: {fileID: 0}
    - target: {fileID: 4077685905204487205, guid: aa04a5f484c3d50439d27897b60379a5,
        type: 3}
      propertyPath: m_SortingOrder
      value: 1
      objectReference: {fileID: 0}
    - target: {fileID: 4077685905204487205, guid: aa04a5f484c3d50439d27897b60379a5,
        type: 3}
      propertyPath: m_Sprite
      value: 
      objectReference: {fileID: 21300000, guid: 711e9e9d2903c104e82bf63130758e07,
        type: 3}
    - target: {fileID: 4077685905204487205, guid: aa04a5f484c3d50439d27897b60379a5,
        type: 3}
      propertyPath: m_Size.x
      value: 3.33
      objectReference: {fileID: 0}
    - target: {fileID: 4077685905204487205, guid: aa04a5f484c3d50439d27897b60379a5,
        type: 3}
      propertyPath: m_Size.y
      value: 1.52
      objectReference: {fileID: 0}
    - target: {fileID: 4077685905204487205, guid: aa04a5f484c3d50439d27897b60379a5,
        type: 3}
      propertyPath: m_WasSpriteAssigned
      value: 1
      objectReference: {fileID: 0}
    - target: {fileID: 1228184872732772286, guid: aa04a5f484c3d50439d27897b60379a5,
        type: 3}
      propertyPath: m_Sprite
      value: 
      objectReference: {fileID: 21300000, guid: 59b77f830ff959146905c228603b622c,
        type: 3}
    - target: {fileID: 1228184872732772286, guid: aa04a5f484c3d50439d27897b60379a5,
        type: 3}
      propertyPath: m_Size.x
      value: 4.78
      objectReference: {fileID: 0}
    - target: {fileID: 1228184872732772286, guid: aa04a5f484c3d50439d27897b60379a5,
        type: 3}
      propertyPath: m_Size.y
      value: 3.48
      objectReference: {fileID: 0}
    - target: {fileID: 1228184872732772286, guid: aa04a5f484c3d50439d27897b60379a5,
        type: 3}
      propertyPath: m_WasSpriteAssigned
      value: 1
      objectReference: {fileID: 0}
    m_RemovedComponents: []
  m_SourcePrefab: {fileID: 100100000, guid: aa04a5f484c3d50439d27897b60379a5, type: 3}
--- !u!4 &498472903956177430 stripped
Transform:
  m_CorrespondingSourceObject: {fileID: 114774244268706014, guid: aa04a5f484c3d50439d27897b60379a5,
    type: 3}
  m_PrefabInstance: {fileID: 539636897672538824}
  m_PrefabAsset: {fileID: 0}
--- !u!1001 &2129529238031258079
PrefabInstance:
  m_ObjectHideFlags: 0
  serializedVersion: 2
  m_Modification:
    m_TransformParent: {fileID: 541753404045493137}
    m_Modifications:
    - target: {fileID: 74288765792945275, guid: 6b7a1dc663eb771489da70671c4b1cc9,
        type: 3}
      propertyPath: m_Name
      value: red_ufo_right_arm
      objectReference: {fileID: 0}
    - target: {fileID: 2681422988612106558, guid: 6b7a1dc663eb771489da70671c4b1cc9,
        type: 3}
      propertyPath: m_LocalPosition.x
      value: 0
      objectReference: {fileID: 0}
    - target: {fileID: 2681422988612106558, guid: 6b7a1dc663eb771489da70671c4b1cc9,
        type: 3}
      propertyPath: m_LocalPosition.y
      value: 0
      objectReference: {fileID: 0}
    - target: {fileID: 2681422988612106558, guid: 6b7a1dc663eb771489da70671c4b1cc9,
        type: 3}
      propertyPath: m_LocalPosition.z
      value: 0
      objectReference: {fileID: 0}
    - target: {fileID: 2681422988612106558, guid: 6b7a1dc663eb771489da70671c4b1cc9,
        type: 3}
      propertyPath: m_LocalRotation.x
      value: 0
      objectReference: {fileID: 0}
    - target: {fileID: 2681422988612106558, guid: 6b7a1dc663eb771489da70671c4b1cc9,
        type: 3}
      propertyPath: m_LocalRotation.y
      value: 0
      objectReference: {fileID: 0}
    - target: {fileID: 2681422988612106558, guid: 6b7a1dc663eb771489da70671c4b1cc9,
        type: 3}
      propertyPath: m_LocalRotation.z
      value: 0
      objectReference: {fileID: 0}
    - target: {fileID: 2681422988612106558, guid: 6b7a1dc663eb771489da70671c4b1cc9,
        type: 3}
      propertyPath: m_LocalRotation.w
      value: 1
      objectReference: {fileID: 0}
    - target: {fileID: 2681422988612106558, guid: 6b7a1dc663eb771489da70671c4b1cc9,
        type: 3}
      propertyPath: m_RootOrder
      value: 5
      objectReference: {fileID: 0}
    - target: {fileID: 2681422988612106558, guid: 6b7a1dc663eb771489da70671c4b1cc9,
        type: 3}
      propertyPath: m_LocalEulerAnglesHint.x
      value: 0
      objectReference: {fileID: 0}
    - target: {fileID: 2681422988612106558, guid: 6b7a1dc663eb771489da70671c4b1cc9,
        type: 3}
      propertyPath: m_LocalEulerAnglesHint.y
      value: 0
      objectReference: {fileID: 0}
    - target: {fileID: 2681422988612106558, guid: 6b7a1dc663eb771489da70671c4b1cc9,
        type: 3}
      propertyPath: m_LocalEulerAnglesHint.z
      value: 0
      objectReference: {fileID: 0}
    - target: {fileID: 7357220565986975355, guid: 6b7a1dc663eb771489da70671c4b1cc9,
        type: 3}
      propertyPath: SortingLayer
      value: RightArm_it
      objectReference: {fileID: 0}
    - target: {fileID: 4993696407473048196, guid: 6b7a1dc663eb771489da70671c4b1cc9,
        type: 3}
      propertyPath: m_LocalRotation.x
      value: 0
      objectReference: {fileID: 0}
    - target: {fileID: 4993696407473048196, guid: 6b7a1dc663eb771489da70671c4b1cc9,
        type: 3}
      propertyPath: m_LocalRotation.y
      value: 0
      objectReference: {fileID: 0}
    - target: {fileID: 4993696407473048196, guid: 6b7a1dc663eb771489da70671c4b1cc9,
        type: 3}
      propertyPath: m_LocalRotation.z
      value: 0.93998265
      objectReference: {fileID: 0}
    - target: {fileID: 4993696407473048196, guid: 6b7a1dc663eb771489da70671c4b1cc9,
        type: 3}
      propertyPath: m_LocalRotation.w
      value: -0.3412222
      objectReference: {fileID: 0}
    - target: {fileID: 4993696407473048196, guid: 6b7a1dc663eb771489da70671c4b1cc9,
        type: 3}
      propertyPath: m_LocalPosition.x
      value: -3.4579837
      objectReference: {fileID: 0}
    - target: {fileID: 4993696407473048196, guid: 6b7a1dc663eb771489da70671c4b1cc9,
        type: 3}
      propertyPath: m_LocalPosition.y
      value: 2.7782373
      objectReference: {fileID: 0}
    - target: {fileID: 1760375272088866265, guid: 6b7a1dc663eb771489da70671c4b1cc9,
        type: 3}
      propertyPath: m_LocalRotation.x
      value: 0
      objectReference: {fileID: 0}
    - target: {fileID: 1760375272088866265, guid: 6b7a1dc663eb771489da70671c4b1cc9,
        type: 3}
      propertyPath: m_LocalRotation.y
      value: 0
      objectReference: {fileID: 0}
    - target: {fileID: 1760375272088866265, guid: 6b7a1dc663eb771489da70671c4b1cc9,
        type: 3}
      propertyPath: m_LocalRotation.z
      value: 0.8499526
      objectReference: {fileID: 0}
    - target: {fileID: 1760375272088866265, guid: 6b7a1dc663eb771489da70671c4b1cc9,
        type: 3}
      propertyPath: m_LocalRotation.w
      value: -0.5268592
      objectReference: {fileID: 0}
    - target: {fileID: 1760375272088866265, guid: 6b7a1dc663eb771489da70671c4b1cc9,
        type: 3}
      propertyPath: m_LocalPosition.x
      value: -6.521231
      objectReference: {fileID: 0}
    - target: {fileID: 1760375272088866265, guid: 6b7a1dc663eb771489da70671c4b1cc9,
        type: 3}
      propertyPath: m_LocalPosition.y
      value: 0.043236054
      objectReference: {fileID: 0}
    - target: {fileID: 3688317628384879324, guid: 6b7a1dc663eb771489da70671c4b1cc9,
        type: 3}
      propertyPath: m_LocalPosition.x
      value: 1.8743999
      objectReference: {fileID: 0}
    - target: {fileID: 305114185726717223, guid: 6b7a1dc663eb771489da70671c4b1cc9,
        type: 3}
      propertyPath: m_LocalPosition.x
      value: 1.6431558
      objectReference: {fileID: 0}
    - target: {fileID: 305114185726717223, guid: 6b7a1dc663eb771489da70671c4b1cc9,
        type: 3}
      propertyPath: m_LocalPosition.y
      value: -0.7971074
      objectReference: {fileID: 0}
    - target: {fileID: 8252290080408636951, guid: 6b7a1dc663eb771489da70671c4b1cc9,
        type: 3}
      propertyPath: m_SortingOrder
      value: 1
      objectReference: {fileID: 0}
    - target: {fileID: 8252290080408636951, guid: 6b7a1dc663eb771489da70671c4b1cc9,
        type: 3}
      propertyPath: m_Sprite
      value: 
      objectReference: {fileID: 21300000, guid: fb91372be6735684f9a73899785998a6,
        type: 3}
    - target: {fileID: 8252290080408636951, guid: 6b7a1dc663eb771489da70671c4b1cc9,
        type: 3}
      propertyPath: m_Size.x
      value: 5.21
      objectReference: {fileID: 0}
    - target: {fileID: 8252290080408636951, guid: 6b7a1dc663eb771489da70671c4b1cc9,
        type: 3}
      propertyPath: m_Size.y
      value: 3.78
      objectReference: {fileID: 0}
    - target: {fileID: 8252290080408636951, guid: 6b7a1dc663eb771489da70671c4b1cc9,
        type: 3}
      propertyPath: m_WasSpriteAssigned
      value: 1
      objectReference: {fileID: 0}
    - target: {fileID: 5523808026520263389, guid: 6b7a1dc663eb771489da70671c4b1cc9,
        type: 3}
      propertyPath: m_Sprite
      value: 
      objectReference: {fileID: 21300000, guid: 7193fd58b16355c40b76eec5f7ed8bc8,
        type: 3}
    - target: {fileID: 5523808026520263389, guid: 6b7a1dc663eb771489da70671c4b1cc9,
        type: 3}
      propertyPath: m_Size.x
      value: 5.68
      objectReference: {fileID: 0}
    - target: {fileID: 5523808026520263389, guid: 6b7a1dc663eb771489da70671c4b1cc9,
        type: 3}
      propertyPath: m_Size.y
      value: 2.73
      objectReference: {fileID: 0}
    - target: {fileID: 5523808026520263389, guid: 6b7a1dc663eb771489da70671c4b1cc9,
        type: 3}
      propertyPath: m_WasSpriteAssigned
      value: 1
      objectReference: {fileID: 0}
    m_RemovedComponents: []
  m_SourcePrefab: {fileID: 100100000, guid: 6b7a1dc663eb771489da70671c4b1cc9, type: 3}
--- !u!4 &4088089301792008417 stripped
Transform:
  m_CorrespondingSourceObject: {fileID: 2681422988612106558, guid: 6b7a1dc663eb771489da70671c4b1cc9,
    type: 3}
  m_PrefabInstance: {fileID: 2129529238031258079}
  m_PrefabAsset: {fileID: 0}
--- !u!1001 &3479547345056153348
PrefabInstance:
  m_ObjectHideFlags: 0
  serializedVersion: 2
  m_Modification:
    m_TransformParent: {fileID: 541753404045493137}
    m_Modifications:
    - target: {fileID: 3261797345276939226, guid: b1af442fe04bc844fac0fc6b5b243b19,
        type: 3}
      propertyPath: m_Name
      value: red_ufo_fist
      objectReference: {fileID: 0}
    - target: {fileID: 7007350956022986404, guid: b1af442fe04bc844fac0fc6b5b243b19,
        type: 3}
      propertyPath: m_LocalPosition.x
      value: 0
      objectReference: {fileID: 0}
    - target: {fileID: 7007350956022986404, guid: b1af442fe04bc844fac0fc6b5b243b19,
        type: 3}
      propertyPath: m_LocalPosition.y
      value: 0
      objectReference: {fileID: 0}
    - target: {fileID: 7007350956022986404, guid: b1af442fe04bc844fac0fc6b5b243b19,
        type: 3}
      propertyPath: m_LocalPosition.z
      value: 0
      objectReference: {fileID: 0}
    - target: {fileID: 7007350956022986404, guid: b1af442fe04bc844fac0fc6b5b243b19,
        type: 3}
      propertyPath: m_LocalRotation.x
      value: 0
      objectReference: {fileID: 0}
    - target: {fileID: 7007350956022986404, guid: b1af442fe04bc844fac0fc6b5b243b19,
        type: 3}
      propertyPath: m_LocalRotation.y
      value: 0
      objectReference: {fileID: 0}
    - target: {fileID: 7007350956022986404, guid: b1af442fe04bc844fac0fc6b5b243b19,
        type: 3}
      propertyPath: m_LocalRotation.z
      value: 0
      objectReference: {fileID: 0}
    - target: {fileID: 7007350956022986404, guid: b1af442fe04bc844fac0fc6b5b243b19,
        type: 3}
      propertyPath: m_LocalRotation.w
      value: 1
      objectReference: {fileID: 0}
    - target: {fileID: 7007350956022986404, guid: b1af442fe04bc844fac0fc6b5b243b19,
        type: 3}
      propertyPath: m_RootOrder
      value: 1
      objectReference: {fileID: 0}
    - target: {fileID: 7007350956022986404, guid: b1af442fe04bc844fac0fc6b5b243b19,
        type: 3}
      propertyPath: m_LocalEulerAnglesHint.x
      value: 0
      objectReference: {fileID: 0}
    - target: {fileID: 7007350956022986404, guid: b1af442fe04bc844fac0fc6b5b243b19,
        type: 3}
      propertyPath: m_LocalEulerAnglesHint.y
      value: 0
      objectReference: {fileID: 0}
    - target: {fileID: 7007350956022986404, guid: b1af442fe04bc844fac0fc6b5b243b19,
        type: 3}
      propertyPath: m_LocalEulerAnglesHint.z
      value: 0
      objectReference: {fileID: 0}
    - target: {fileID: 7687053058584126739, guid: b1af442fe04bc844fac0fc6b5b243b19,
        type: 3}
      propertyPath: SortingLayer
      value: Fists
      objectReference: {fileID: 0}
    - target: {fileID: 3117884248841992986, guid: b1af442fe04bc844fac0fc6b5b243b19,
        type: 3}
      propertyPath: m_LocalRotation.x
      value: 0
      objectReference: {fileID: 0}
    - target: {fileID: 3117884248841992986, guid: b1af442fe04bc844fac0fc6b5b243b19,
        type: 3}
      propertyPath: m_LocalRotation.y
      value: 0
      objectReference: {fileID: 0}
    - target: {fileID: 3117884248841992986, guid: b1af442fe04bc844fac0fc6b5b243b19,
        type: 3}
      propertyPath: m_LocalRotation.z
      value: 0.5541356
      objectReference: {fileID: 0}
    - target: {fileID: 3117884248841992986, guid: b1af442fe04bc844fac0fc6b5b243b19,
        type: 3}
      propertyPath: m_LocalRotation.w
      value: 0.8324264
      objectReference: {fileID: 0}
    - target: {fileID: 3117884248841992986, guid: b1af442fe04bc844fac0fc6b5b243b19,
        type: 3}
      propertyPath: m_LocalPosition.x
      value: -8.337849
      objectReference: {fileID: 0}
    - target: {fileID: 3117884248841992986, guid: b1af442fe04bc844fac0fc6b5b243b19,
        type: 3}
      propertyPath: m_LocalPosition.y
      value: -3.1479275
      objectReference: {fileID: 0}
    - target: {fileID: 4505376398839081175, guid: b1af442fe04bc844fac0fc6b5b243b19,
        type: 3}
      propertyPath: m_LocalPosition.x
      value: -0.4600004
      objectReference: {fileID: 0}
    - target: {fileID: 4505376398839081175, guid: b1af442fe04bc844fac0fc6b5b243b19,
        type: 3}
      propertyPath: m_LocalPosition.y
      value: 0.33000004
      objectReference: {fileID: 0}
    - target: {fileID: 7356164678494692058, guid: b1af442fe04bc844fac0fc6b5b243b19,
        type: 3}
      propertyPath: m_Sprite
      value: 
      objectReference: {fileID: 21300000, guid: ade7eab67349a504fb577577a9714afe,
        type: 3}
    - target: {fileID: 7356164678494692058, guid: b1af442fe04bc844fac0fc6b5b243b19,
        type: 3}
      propertyPath: m_Size.x
      value: 4.64
      objectReference: {fileID: 0}
    - target: {fileID: 7356164678494692058, guid: b1af442fe04bc844fac0fc6b5b243b19,
        type: 3}
      propertyPath: m_Size.y
      value: 3
      objectReference: {fileID: 0}
    - target: {fileID: 7356164678494692058, guid: b1af442fe04bc844fac0fc6b5b243b19,
        type: 3}
      propertyPath: m_WasSpriteAssigned
      value: 1
      objectReference: {fileID: 0}
    m_RemovedComponents: []
  m_SourcePrefab: {fileID: 100100000, guid: b1af442fe04bc844fac0fc6b5b243b19, type: 3}
--- !u!4 &5870100503836740000 stripped
Transform:
  m_CorrespondingSourceObject: {fileID: 7007350956022986404, guid: b1af442fe04bc844fac0fc6b5b243b19,
    type: 3}
  m_PrefabInstance: {fileID: 3479547345056153348}
  m_PrefabAsset: {fileID: 0}
--- !u!1001 &5679992995194919773
PrefabInstance:
  m_ObjectHideFlags: 0
  serializedVersion: 2
  m_Modification:
    m_TransformParent: {fileID: 541753404045493137}
    m_Modifications:
    - target: {fileID: 6520589617944533409, guid: 8a08f136f58519e4c85184aeeebf1023,
        type: 3}
      propertyPath: m_Name
      value: ufo_weapons
      objectReference: {fileID: 0}
    - target: {fileID: 3240127293558413415, guid: 8a08f136f58519e4c85184aeeebf1023,
        type: 3}
      propertyPath: m_LocalPosition.x
      value: 0
      objectReference: {fileID: 0}
    - target: {fileID: 3240127293558413415, guid: 8a08f136f58519e4c85184aeeebf1023,
        type: 3}
      propertyPath: m_LocalPosition.y
      value: 0
      objectReference: {fileID: 0}
    - target: {fileID: 3240127293558413415, guid: 8a08f136f58519e4c85184aeeebf1023,
        type: 3}
      propertyPath: m_LocalPosition.z
      value: 0
      objectReference: {fileID: 0}
    - target: {fileID: 3240127293558413415, guid: 8a08f136f58519e4c85184aeeebf1023,
        type: 3}
      propertyPath: m_LocalRotation.x
      value: 0
      objectReference: {fileID: 0}
    - target: {fileID: 3240127293558413415, guid: 8a08f136f58519e4c85184aeeebf1023,
        type: 3}
      propertyPath: m_LocalRotation.y
      value: 0
      objectReference: {fileID: 0}
    - target: {fileID: 3240127293558413415, guid: 8a08f136f58519e4c85184aeeebf1023,
        type: 3}
      propertyPath: m_LocalRotation.z
      value: 0
      objectReference: {fileID: 0}
    - target: {fileID: 3240127293558413415, guid: 8a08f136f58519e4c85184aeeebf1023,
        type: 3}
      propertyPath: m_LocalRotation.w
      value: 1
      objectReference: {fileID: 0}
    - target: {fileID: 3240127293558413415, guid: 8a08f136f58519e4c85184aeeebf1023,
        type: 3}
      propertyPath: m_RootOrder
      value: 6
      objectReference: {fileID: 0}
    - target: {fileID: 3240127293558413415, guid: 8a08f136f58519e4c85184aeeebf1023,
        type: 3}
      propertyPath: m_LocalEulerAnglesHint.x
      value: 0
      objectReference: {fileID: 0}
    - target: {fileID: 3240127293558413415, guid: 8a08f136f58519e4c85184aeeebf1023,
        type: 3}
      propertyPath: m_LocalEulerAnglesHint.y
      value: 0
      objectReference: {fileID: 0}
    - target: {fileID: 3240127293558413415, guid: 8a08f136f58519e4c85184aeeebf1023,
        type: 3}
      propertyPath: m_LocalEulerAnglesHint.z
      value: 0
      objectReference: {fileID: 0}
    m_RemovedComponents: []
  m_SourcePrefab: {fileID: 100100000, guid: 8a08f136f58519e4c85184aeeebf1023, type: 3}
--- !u!4 &7071879647890506554 stripped
Transform:
  m_CorrespondingSourceObject: {fileID: 3240127293558413415, guid: 8a08f136f58519e4c85184aeeebf1023,
    type: 3}
  m_PrefabInstance: {fileID: 5679992995194919773}
  m_PrefabAsset: {fileID: 0}
--- !u!1001 &5696837228130018385
PrefabInstance:
  m_ObjectHideFlags: 0
  serializedVersion: 2
  m_Modification:
    m_TransformParent: {fileID: 541753404045493137}
    m_Modifications:
    - target: {fileID: 616963922343619644, guid: 8fbffc4bf5b8eb34b8f38f85d1c33ff5,
        type: 3}
      propertyPath: m_Name
      value: red_ufo_chest
      objectReference: {fileID: 0}
    - target: {fileID: 2944210014147460570, guid: 8fbffc4bf5b8eb34b8f38f85d1c33ff5,
        type: 3}
      propertyPath: m_LocalPosition.x
      value: 0
      objectReference: {fileID: 0}
    - target: {fileID: 2944210014147460570, guid: 8fbffc4bf5b8eb34b8f38f85d1c33ff5,
        type: 3}
      propertyPath: m_LocalPosition.y
      value: 0
      objectReference: {fileID: 0}
    - target: {fileID: 2944210014147460570, guid: 8fbffc4bf5b8eb34b8f38f85d1c33ff5,
        type: 3}
      propertyPath: m_LocalPosition.z
      value: 0
      objectReference: {fileID: 0}
    - target: {fileID: 2944210014147460570, guid: 8fbffc4bf5b8eb34b8f38f85d1c33ff5,
        type: 3}
      propertyPath: m_LocalRotation.x
      value: 0
      objectReference: {fileID: 0}
    - target: {fileID: 2944210014147460570, guid: 8fbffc4bf5b8eb34b8f38f85d1c33ff5,
        type: 3}
      propertyPath: m_LocalRotation.y
      value: 0
      objectReference: {fileID: 0}
    - target: {fileID: 2944210014147460570, guid: 8fbffc4bf5b8eb34b8f38f85d1c33ff5,
        type: 3}
      propertyPath: m_LocalRotation.z
      value: 0
      objectReference: {fileID: 0}
    - target: {fileID: 2944210014147460570, guid: 8fbffc4bf5b8eb34b8f38f85d1c33ff5,
        type: 3}
      propertyPath: m_LocalRotation.w
      value: 1
      objectReference: {fileID: 0}
    - target: {fileID: 2944210014147460570, guid: 8fbffc4bf5b8eb34b8f38f85d1c33ff5,
        type: 3}
      propertyPath: m_RootOrder
      value: 2
      objectReference: {fileID: 0}
    - target: {fileID: 2944210014147460570, guid: 8fbffc4bf5b8eb34b8f38f85d1c33ff5,
        type: 3}
      propertyPath: m_LocalEulerAnglesHint.x
      value: 0
      objectReference: {fileID: 0}
    - target: {fileID: 2944210014147460570, guid: 8fbffc4bf5b8eb34b8f38f85d1c33ff5,
        type: 3}
      propertyPath: m_LocalEulerAnglesHint.y
      value: 0
      objectReference: {fileID: 0}
    - target: {fileID: 2944210014147460570, guid: 8fbffc4bf5b8eb34b8f38f85d1c33ff5,
        type: 3}
      propertyPath: m_LocalEulerAnglesHint.z
      value: 0
      objectReference: {fileID: 0}
    - target: {fileID: 5961412003482747590, guid: 8fbffc4bf5b8eb34b8f38f85d1c33ff5,
        type: 3}
      propertyPath: SortingLayer
      value: Chest
      objectReference: {fileID: 0}
    - target: {fileID: 3423088322239849443, guid: 8fbffc4bf5b8eb34b8f38f85d1c33ff5,
        type: 3}
      propertyPath: m_LocalRotation.x
      value: 0
      objectReference: {fileID: 0}
    - target: {fileID: 3423088322239849443, guid: 8fbffc4bf5b8eb34b8f38f85d1c33ff5,
        type: 3}
      propertyPath: m_LocalRotation.y
      value: 0
      objectReference: {fileID: 0}
    - target: {fileID: 3423088322239849443, guid: 8fbffc4bf5b8eb34b8f38f85d1c33ff5,
        type: 3}
      propertyPath: m_LocalRotation.z
      value: 0.016371863
      objectReference: {fileID: 0}
    - target: {fileID: 3423088322239849443, guid: 8fbffc4bf5b8eb34b8f38f85d1c33ff5,
        type: 3}
      propertyPath: m_LocalRotation.w
      value: -0.999866
      objectReference: {fileID: 0}
    - target: {fileID: 3423088322239849443, guid: 8fbffc4bf5b8eb34b8f38f85d1c33ff5,
        type: 3}
      propertyPath: m_LocalPosition.x
      value: 0.032585535
      objectReference: {fileID: 0}
    - target: {fileID: 3423088322239849443, guid: 8fbffc4bf5b8eb34b8f38f85d1c33ff5,
        type: 3}
      propertyPath: m_LocalPosition.y
      value: 1.4526558
      objectReference: {fileID: 0}
    - target: {fileID: 3316760870457083304, guid: 8fbffc4bf5b8eb34b8f38f85d1c33ff5,
        type: 3}
      propertyPath: m_LocalPosition.y
      value: -0.00000015854836
      objectReference: {fileID: 0}
    - target: {fileID: 241957464707920699, guid: 8fbffc4bf5b8eb34b8f38f85d1c33ff5,
        type: 3}
      propertyPath: m_Sprite
      value: 
      objectReference: {fileID: 21300000, guid: 15b986877336bc7469b134218cd27500,
        type: 3}
    - target: {fileID: 241957464707920699, guid: 8fbffc4bf5b8eb34b8f38f85d1c33ff5,
        type: 3}
      propertyPath: m_Size.x
      value: 7.13
      objectReference: {fileID: 0}
    - target: {fileID: 241957464707920699, guid: 8fbffc4bf5b8eb34b8f38f85d1c33ff5,
        type: 3}
      propertyPath: m_Size.y
      value: 5.32
      objectReference: {fileID: 0}
    - target: {fileID: 241957464707920699, guid: 8fbffc4bf5b8eb34b8f38f85d1c33ff5,
        type: 3}
      propertyPath: m_WasSpriteAssigned
      value: 1
      objectReference: {fileID: 0}
    m_RemovedComponents: []
  m_SourcePrefab: {fileID: 100100000, guid: 8fbffc4bf5b8eb34b8f38f85d1c33ff5, type: 3}
--- !u!4 &7481838175950805387 stripped
Transform:
  m_CorrespondingSourceObject: {fileID: 2944210014147460570, guid: 8fbffc4bf5b8eb34b8f38f85d1c33ff5,
    type: 3}
  m_PrefabInstance: {fileID: 5696837228130018385}
  m_PrefabAsset: {fileID: 0}
--- !u!1001 &5793505464013638008
PrefabInstance:
  m_ObjectHideFlags: 0
  serializedVersion: 2
  m_Modification:
    m_TransformParent: {fileID: 541753404045493137}
    m_Modifications:
    - target: {fileID: 5385387150291704283, guid: 4c2967671966f8748aa678c5890b268e,
        type: 3}
      propertyPath: m_Name
      value: red_ufo_left_arm
      objectReference: {fileID: 0}
    - target: {fileID: 1780227383859414796, guid: 4c2967671966f8748aa678c5890b268e,
        type: 3}
      propertyPath: m_LocalPosition.x
      value: 0
      objectReference: {fileID: 0}
    - target: {fileID: 1780227383859414796, guid: 4c2967671966f8748aa678c5890b268e,
        type: 3}
      propertyPath: m_LocalPosition.y
      value: 0
      objectReference: {fileID: 0}
    - target: {fileID: 1780227383859414796, guid: 4c2967671966f8748aa678c5890b268e,
        type: 3}
      propertyPath: m_LocalPosition.z
      value: 0
      objectReference: {fileID: 0}
    - target: {fileID: 1780227383859414796, guid: 4c2967671966f8748aa678c5890b268e,
        type: 3}
      propertyPath: m_LocalRotation.x
      value: 0
      objectReference: {fileID: 0}
    - target: {fileID: 1780227383859414796, guid: 4c2967671966f8748aa678c5890b268e,
        type: 3}
      propertyPath: m_LocalRotation.y
      value: 0
      objectReference: {fileID: 0}
    - target: {fileID: 1780227383859414796, guid: 4c2967671966f8748aa678c5890b268e,
        type: 3}
      propertyPath: m_LocalRotation.z
      value: 0
      objectReference: {fileID: 0}
    - target: {fileID: 1780227383859414796, guid: 4c2967671966f8748aa678c5890b268e,
        type: 3}
      propertyPath: m_LocalRotation.w
      value: 1
      objectReference: {fileID: 0}
    - target: {fileID: 1780227383859414796, guid: 4c2967671966f8748aa678c5890b268e,
        type: 3}
      propertyPath: m_RootOrder
      value: 3
      objectReference: {fileID: 0}
    - target: {fileID: 1780227383859414796, guid: 4c2967671966f8748aa678c5890b268e,
        type: 3}
      propertyPath: m_LocalEulerAnglesHint.x
      value: 0
      objectReference: {fileID: 0}
    - target: {fileID: 1780227383859414796, guid: 4c2967671966f8748aa678c5890b268e,
        type: 3}
      propertyPath: m_LocalEulerAnglesHint.y
      value: 0
      objectReference: {fileID: 0}
    - target: {fileID: 1780227383859414796, guid: 4c2967671966f8748aa678c5890b268e,
        type: 3}
      propertyPath: m_LocalEulerAnglesHint.z
      value: 0
      objectReference: {fileID: 0}
    - target: {fileID: 947544065660965872, guid: 4c2967671966f8748aa678c5890b268e,
        type: 3}
      propertyPath: SortingLayer
      value: LeftArm
      objectReference: {fileID: 0}
    - target: {fileID: 4143485834024262564, guid: 4c2967671966f8748aa678c5890b268e,
        type: 3}
      propertyPath: m_LocalRotation.x
      value: 0
      objectReference: {fileID: 0}
    - target: {fileID: 4143485834024262564, guid: 4c2967671966f8748aa678c5890b268e,
        type: 3}
      propertyPath: m_LocalRotation.y
      value: 0
      objectReference: {fileID: 0}
    - target: {fileID: 4143485834024262564, guid: 4c2967671966f8748aa678c5890b268e,
        type: 3}
      propertyPath: m_LocalRotation.z
      value: 0.41238886
      objectReference: {fileID: 0}
    - target: {fileID: 4143485834024262564, guid: 4c2967671966f8748aa678c5890b268e,
        type: 3}
      propertyPath: m_LocalRotation.w
      value: -0.91100794
      objectReference: {fileID: 0}
    - target: {fileID: 4143485834024262564, guid: 4c2967671966f8748aa678c5890b268e,
        type: 3}
      propertyPath: m_LocalPosition.x
      value: 3.3823142
      objectReference: {fileID: 0}
    - target: {fileID: 4143485834024262564, guid: 4c2967671966f8748aa678c5890b268e,
        type: 3}
      propertyPath: m_LocalPosition.y
      value: 2.545768
      objectReference: {fileID: 0}
    - target: {fileID: 6982480994961294620, guid: 4c2967671966f8748aa678c5890b268e,
        type: 3}
      propertyPath: m_LocalRotation.x
      value: 0
      objectReference: {fileID: 0}
    - target: {fileID: 6982480994961294620, guid: 4c2967671966f8748aa678c5890b268e,
        type: 3}
      propertyPath: m_LocalRotation.y
      value: 0
      objectReference: {fileID: 0}
    - target: {fileID: 6982480994961294620, guid: 4c2967671966f8748aa678c5890b268e,
        type: 3}
      propertyPath: m_LocalRotation.z
      value: 0.32851872
      objectReference: {fileID: 0}
    - target: {fileID: 6982480994961294620, guid: 4c2967671966f8748aa678c5890b268e,
        type: 3}
      propertyPath: m_LocalRotation.w
      value: -0.94449747
      objectReference: {fileID: 0}
    - target: {fileID: 6982480994961294620, guid: 4c2967671966f8748aa678c5890b268e,
        type: 3}
      propertyPath: m_LocalPosition.x
      value: 6.309046
      objectReference: {fileID: 0}
    - target: {fileID: 6982480994961294620, guid: 4c2967671966f8748aa678c5890b268e,
        type: 3}
      propertyPath: m_LocalPosition.y
      value: -0.7388809
      objectReference: {fileID: 0}
    - target: {fileID: 1382448467671422151, guid: 4c2967671966f8748aa678c5890b268e,
        type: 3}
      propertyPath: m_LocalRotation.x
      value: 0
      objectReference: {fileID: 0}
    - target: {fileID: 1382448467671422151, guid: 4c2967671966f8748aa678c5890b268e,
        type: 3}
      propertyPath: m_LocalRotation.y
      value: 0
      objectReference: {fileID: 0}
    - target: {fileID: 1382448467671422151, guid: 4c2967671966f8748aa678c5890b268e,
        type: 3}
      propertyPath: m_LocalRotation.z
      value: 0.27986583
      objectReference: {fileID: 0}
    - target: {fileID: 1382448467671422151, guid: 4c2967671966f8748aa678c5890b268e,
        type: 3}
      propertyPath: m_LocalRotation.w
      value: -0.96003914
      objectReference: {fileID: 0}
    - target: {fileID: 1382448467671422151, guid: 4c2967671966f8748aa678c5890b268e,
        type: 3}
      propertyPath: m_LocalPosition.x
      value: 8.937307
      objectReference: {fileID: 0}
    - target: {fileID: 1382448467671422151, guid: 4c2967671966f8748aa678c5890b268e,
        type: 3}
      propertyPath: m_LocalPosition.y
      value: -2.9235888
      objectReference: {fileID: 0}
    - target: {fileID: 56538256858733240, guid: 4c2967671966f8748aa678c5890b268e,
        type: 3}
      propertyPath: m_LocalPosition.x
      value: 1.8743999
      objectReference: {fileID: 0}
    - target: {fileID: 5445327012549587226, guid: 4c2967671966f8748aa678c5890b268e,
        type: 3}
      propertyPath: m_LocalPosition.x
      value: 1.6431558
      objectReference: {fileID: 0}
    - target: {fileID: 5445327012549587226, guid: 4c2967671966f8748aa678c5890b268e,
        type: 3}
      propertyPath: m_LocalPosition.y
      value: -0.7971074
      objectReference: {fileID: 0}
    - target: {fileID: 2523387825547319248, guid: 4c2967671966f8748aa678c5890b268e,
        type: 3}
      propertyPath: m_LocalPosition.x
      value: 0.62000144
      objectReference: {fileID: 0}
    - target: {fileID: 2523387825547319248, guid: 4c2967671966f8748aa678c5890b268e,
        type: 3}
      propertyPath: m_LocalPosition.y
      value: -0.33500096
      objectReference: {fileID: 0}
    - target: {fileID: 7726564910717190264, guid: 4c2967671966f8748aa678c5890b268e,
        type: 3}
      propertyPath: m_Sprite
      value: 
      objectReference: {fileID: 21300000, guid: 7193fd58b16355c40b76eec5f7ed8bc8,
        type: 3}
    - target: {fileID: 7726564910717190264, guid: 4c2967671966f8748aa678c5890b268e,
        type: 3}
      propertyPath: m_Size.x
      value: 5.68
      objectReference: {fileID: 0}
    - target: {fileID: 7726564910717190264, guid: 4c2967671966f8748aa678c5890b268e,
        type: 3}
      propertyPath: m_Size.y
      value: 2.73
      objectReference: {fileID: 0}
    - target: {fileID: 7726564910717190264, guid: 4c2967671966f8748aa678c5890b268e,
        type: 3}
      propertyPath: m_WasSpriteAssigned
      value: 1
      objectReference: {fileID: 0}
    - target: {fileID: 8164950710146094762, guid: 4c2967671966f8748aa678c5890b268e,
        type: 3}
      propertyPath: m_SortingOrder
      value: 1
      objectReference: {fileID: 0}
    - target: {fileID: 8164950710146094762, guid: 4c2967671966f8748aa678c5890b268e,
        type: 3}
      propertyPath: m_Sprite
      value: 
      objectReference: {fileID: 21300000, guid: fb91372be6735684f9a73899785998a6,
        type: 3}
    - target: {fileID: 8164950710146094762, guid: 4c2967671966f8748aa678c5890b268e,
        type: 3}
      propertyPath: m_Size.x
      value: 5.21
      objectReference: {fileID: 0}
    - target: {fileID: 8164950710146094762, guid: 4c2967671966f8748aa678c5890b268e,
        type: 3}
      propertyPath: m_Size.y
      value: 3.78
      objectReference: {fileID: 0}
    - target: {fileID: 8164950710146094762, guid: 4c2967671966f8748aa678c5890b268e,
        type: 3}
      propertyPath: m_WasSpriteAssigned
      value: 1
      objectReference: {fileID: 0}
    - target: {fileID: 8608075268036819478, guid: 4c2967671966f8748aa678c5890b268e,
        type: 3}
      propertyPath: m_SortingOrder
      value: 2
      objectReference: {fileID: 0}
    - target: {fileID: 8608075268036819478, guid: 4c2967671966f8748aa678c5890b268e,
        type: 3}
      propertyPath: m_Sprite
      value: 
      objectReference: {fileID: 21300000, guid: 3c28d7bcffe865241b70ab6be4acc63e,
        type: 3}
    - target: {fileID: 8608075268036819478, guid: 4c2967671966f8748aa678c5890b268e,
        type: 3}
      propertyPath: m_Size.x
      value: 4.64
      objectReference: {fileID: 0}
    - target: {fileID: 8608075268036819478, guid: 4c2967671966f8748aa678c5890b268e,
        type: 3}
      propertyPath: m_Size.y
      value: 3.01
      objectReference: {fileID: 0}
    - target: {fileID: 8608075268036819478, guid: 4c2967671966f8748aa678c5890b268e,
        type: 3}
      propertyPath: m_WasSpriteAssigned
      value: 1
      objectReference: {fileID: 0}
    m_RemovedComponents: []
  m_SourcePrefab: {fileID: 100100000, guid: 4c2967671966f8748aa678c5890b268e, type: 3}
--- !u!4 &5247267345877716596 stripped
Transform:
  m_CorrespondingSourceObject: {fileID: 1780227383859414796, guid: 4c2967671966f8748aa678c5890b268e,
    type: 3}
  m_PrefabInstance: {fileID: 5793505464013638008}
  m_PrefabAsset: {fileID: 0}
--- !u!1001 &6534907009127886148
PrefabInstance:
  m_ObjectHideFlags: 0
  serializedVersion: 2
  m_Modification:
    m_TransformParent: {fileID: 541753404045493137}
    m_Modifications:
    - target: {fileID: 8141386204202343673, guid: 5a9a20a8f6411584885875b25331fc98,
        type: 3}
      propertyPath: m_Name
      value: Explosions
      objectReference: {fileID: 0}
    - target: {fileID: 6046086590546411258, guid: 5a9a20a8f6411584885875b25331fc98,
        type: 3}
      propertyPath: m_LocalPosition.x
      value: 0
      objectReference: {fileID: 0}
    - target: {fileID: 6046086590546411258, guid: 5a9a20a8f6411584885875b25331fc98,
        type: 3}
      propertyPath: m_LocalPosition.y
      value: 0
      objectReference: {fileID: 0}
    - target: {fileID: 6046086590546411258, guid: 5a9a20a8f6411584885875b25331fc98,
        type: 3}
      propertyPath: m_LocalPosition.z
      value: 0
      objectReference: {fileID: 0}
    - target: {fileID: 6046086590546411258, guid: 5a9a20a8f6411584885875b25331fc98,
        type: 3}
      propertyPath: m_LocalRotation.x
      value: 0
      objectReference: {fileID: 0}
    - target: {fileID: 6046086590546411258, guid: 5a9a20a8f6411584885875b25331fc98,
        type: 3}
      propertyPath: m_LocalRotation.y
      value: 0
      objectReference: {fileID: 0}
    - target: {fileID: 6046086590546411258, guid: 5a9a20a8f6411584885875b25331fc98,
        type: 3}
      propertyPath: m_LocalRotation.z
      value: 0
      objectReference: {fileID: 0}
    - target: {fileID: 6046086590546411258, guid: 5a9a20a8f6411584885875b25331fc98,
        type: 3}
      propertyPath: m_LocalRotation.w
      value: 1
      objectReference: {fileID: 0}
    - target: {fileID: 6046086590546411258, guid: 5a9a20a8f6411584885875b25331fc98,
        type: 3}
      propertyPath: m_RootOrder
      value: 0
      objectReference: {fileID: 0}
    - target: {fileID: 6046086590546411258, guid: 5a9a20a8f6411584885875b25331fc98,
        type: 3}
      propertyPath: m_LocalEulerAnglesHint.x
      value: 0
      objectReference: {fileID: 0}
    - target: {fileID: 6046086590546411258, guid: 5a9a20a8f6411584885875b25331fc98,
        type: 3}
      propertyPath: m_LocalEulerAnglesHint.y
      value: 0
      objectReference: {fileID: 0}
    - target: {fileID: 6046086590546411258, guid: 5a9a20a8f6411584885875b25331fc98,
        type: 3}
      propertyPath: m_LocalEulerAnglesHint.z
      value: 0
      objectReference: {fileID: 0}
    m_RemovedComponents: []
  m_SourcePrefab: {fileID: 100100000, guid: 5a9a20a8f6411584885875b25331fc98, type: 3}
--- !u!4 &673469517833327550 stripped
Transform:
  m_CorrespondingSourceObject: {fileID: 6046086590546411258, guid: 5a9a20a8f6411584885875b25331fc98,
    type: 3}
  m_PrefabInstance: {fileID: 6534907009127886148}
  m_PrefabAsset: {fileID: 0}
