%YAML 1.1
%TAG !u! tag:unity3d.com,2011:
--- !u!1 &6309451444282296367
GameObject:
  m_ObjectHideFlags: 0
  m_CorrespondingSourceObject: {fileID: 0}
  m_PrefabInstance: {fileID: 0}
  m_PrefabAsset: {fileID: 0}
  serializedVersion: 6
  m_Component:
  - component: {fileID: 4691484579724434657}
  - component: {fileID: 4768575469217817986}
  m_Layer: 0
  m_Name: RedTorsoTank
  m_TagString: Untagged
  m_Icon: {fileID: 0}
  m_NavMeshLayer: 0
  m_StaticEditorFlags: 0
  m_IsActive: 1
--- !u!4 &4691484579724434657
Transform:
  m_ObjectHideFlags: 0
  m_CorrespondingSourceObject: {fileID: 0}
  m_PrefabInstance: {fileID: 0}
  m_PrefabAsset: {fileID: 0}
  m_GameObject: {fileID: 6309451444282296367}
  m_LocalRotation: {x: 0, y: 0, z: 0, w: 1}
  m_LocalPosition: {x: 0, y: 0, z: 0}
  m_LocalScale: {x: 0.03, y: 0.03, z: 0.03}
  m_Children:
  - {fileID: 6928476164177206134}
  - {fileID: 199836750178373148}
  - {fileID: 1567745942118562137}
  - {fileID: 97163855453088602}
  - {fileID: 4325646708892876640}
  - {fileID: 4511183586465682450}
  - {fileID: 3613301585499038762}
  - {fileID: 7038000425451739489}
  m_Father: {fileID: 0}
  m_RootOrder: 0
  m_LocalEulerAnglesHint: {x: 0, y: 0, z: 0}
--- !u!114 &4768575469217817986
MonoBehaviour:
  m_ObjectHideFlags: 0
  m_CorrespondingSourceObject: {fileID: 0}
  m_PrefabInstance: {fileID: 0}
  m_PrefabAsset: {fileID: 0}
  m_GameObject: {fileID: 6309451444282296367}
  m_Enabled: 1
  m_EditorHideFlags: 0
  m_Script: {fileID: 11500000, guid: aae3ef1e6d0732a4b8dcade7f806737e, type: 3}
  m_Name: 
  m_EditorClassIdentifier: 
  armsAnim: 
  weaponsAnim: 
  walkAnim: 
  changeAnim: 0
  attack: 0
  robot:
    numRobotCreated: 0
    attacks: 
    parts: []
    AnimationArm: []
    AnimationWeapon: []
    blockedObjects: []
    headType: 0
    torsoType: 0
    legsType: 0
    weapon: 0
    debilityKnife: 0
    debilitySword: 0
    debilityGun: 0
    debilityShotgun: 0
    debilityMachineGun: 0
    debilitySniper: 0
    debilityLaser: 0
--- !u!1001 &973287452823240270
PrefabInstance:
  m_ObjectHideFlags: 0
  serializedVersion: 2
  m_Modification:
    m_TransformParent: {fileID: 4691484579724434657}
    m_Modifications:
    - target: {fileID: 2697263560619926021, guid: babf64eb7631aea41a05809bd4062fa8,
        type: 3}
      propertyPath: m_Name
      value: aero_chest_b
      objectReference: {fileID: 0}
    - target: {fileID: 1100067702336974930, guid: babf64eb7631aea41a05809bd4062fa8,
        type: 3}
      propertyPath: m_LocalPosition.x
      value: 0
      objectReference: {fileID: 0}
    - target: {fileID: 1100067702336974930, guid: babf64eb7631aea41a05809bd4062fa8,
        type: 3}
      propertyPath: m_LocalPosition.y
      value: 0
      objectReference: {fileID: 0}
    - target: {fileID: 1100067702336974930, guid: babf64eb7631aea41a05809bd4062fa8,
        type: 3}
      propertyPath: m_LocalPosition.z
      value: 0
      objectReference: {fileID: 0}
    - target: {fileID: 1100067702336974930, guid: babf64eb7631aea41a05809bd4062fa8,
        type: 3}
      propertyPath: m_LocalRotation.x
      value: 0
      objectReference: {fileID: 0}
    - target: {fileID: 1100067702336974930, guid: babf64eb7631aea41a05809bd4062fa8,
        type: 3}
      propertyPath: m_LocalRotation.y
      value: 0
      objectReference: {fileID: 0}
    - target: {fileID: 1100067702336974930, guid: babf64eb7631aea41a05809bd4062fa8,
        type: 3}
      propertyPath: m_LocalRotation.z
      value: 0
      objectReference: {fileID: 0}
    - target: {fileID: 1100067702336974930, guid: babf64eb7631aea41a05809bd4062fa8,
        type: 3}
      propertyPath: m_LocalRotation.w
      value: 1
      objectReference: {fileID: 0}
    - target: {fileID: 1100067702336974930, guid: babf64eb7631aea41a05809bd4062fa8,
        type: 3}
      propertyPath: m_RootOrder
      value: 1
      objectReference: {fileID: 0}
    - target: {fileID: 1100067702336974930, guid: babf64eb7631aea41a05809bd4062fa8,
        type: 3}
      propertyPath: m_LocalEulerAnglesHint.x
      value: 0
      objectReference: {fileID: 0}
    - target: {fileID: 1100067702336974930, guid: babf64eb7631aea41a05809bd4062fa8,
        type: 3}
      propertyPath: m_LocalEulerAnglesHint.y
      value: 0
      objectReference: {fileID: 0}
    - target: {fileID: 1100067702336974930, guid: babf64eb7631aea41a05809bd4062fa8,
        type: 3}
      propertyPath: m_LocalEulerAnglesHint.z
      value: 0
      objectReference: {fileID: 0}
    - target: {fileID: 7152988512168101952, guid: babf64eb7631aea41a05809bd4062fa8,
        type: 3}
      propertyPath: SortingLayer
      value: BackPiece
      objectReference: {fileID: 0}
    - target: {fileID: 7152988512168101952, guid: babf64eb7631aea41a05809bd4062fa8,
        type: 3}
      propertyPath: animController
      value: 
      objectReference: {fileID: 4768575469217817986}
    - target: {fileID: 8068290426238052462, guid: babf64eb7631aea41a05809bd4062fa8,
        type: 3}
      propertyPath: m_LocalRotation.x
      value: 0
      objectReference: {fileID: 0}
    - target: {fileID: 8068290426238052462, guid: babf64eb7631aea41a05809bd4062fa8,
        type: 3}
      propertyPath: m_LocalRotation.y
      value: 0
      objectReference: {fileID: 0}
    - target: {fileID: 8068290426238052462, guid: babf64eb7631aea41a05809bd4062fa8,
        type: 3}
      propertyPath: m_LocalRotation.z
      value: 0.055244435
      objectReference: {fileID: 0}
    - target: {fileID: 8068290426238052462, guid: babf64eb7631aea41a05809bd4062fa8,
        type: 3}
      propertyPath: m_LocalRotation.w
      value: 0.99847287
      objectReference: {fileID: 0}
    - target: {fileID: 8068290426238052462, guid: babf64eb7631aea41a05809bd4062fa8,
        type: 3}
      propertyPath: m_LocalPosition.x
      value: -5.5305037
      objectReference: {fileID: 0}
    - target: {fileID: 8068290426238052462, guid: babf64eb7631aea41a05809bd4062fa8,
        type: 3}
      propertyPath: m_LocalPosition.y
      value: 5.361627
      objectReference: {fileID: 0}
    - target: {fileID: 797627548413308627, guid: babf64eb7631aea41a05809bd4062fa8,
        type: 3}
      propertyPath: m_LocalPosition.x
      value: 1.655
      objectReference: {fileID: 0}
    - target: {fileID: 797627548413308627, guid: babf64eb7631aea41a05809bd4062fa8,
        type: 3}
      propertyPath: m_LocalPosition.y
      value: -2.625
      objectReference: {fileID: 0}
    - target: {fileID: 4586325249699060231, guid: babf64eb7631aea41a05809bd4062fa8,
        type: 3}
      propertyPath: m_Sprite
      value: 
      objectReference: {fileID: 21300000, guid: 7b737010e347bfc498b25711b4bfa904,
        type: 3}
    - target: {fileID: 4586325249699060231, guid: babf64eb7631aea41a05809bd4062fa8,
        type: 3}
      propertyPath: m_Size.x
      value: 3.31
      objectReference: {fileID: 0}
    - target: {fileID: 4586325249699060231, guid: babf64eb7631aea41a05809bd4062fa8,
        type: 3}
      propertyPath: m_Size.y
      value: 5.25
      objectReference: {fileID: 0}
    - target: {fileID: 4586325249699060231, guid: babf64eb7631aea41a05809bd4062fa8,
        type: 3}
      propertyPath: m_WasSpriteAssigned
      value: 1
      objectReference: {fileID: 0}
    m_RemovedComponents: []
  m_SourcePrefab: {fileID: 100100000, guid: babf64eb7631aea41a05809bd4062fa8, type: 3}
--- !u!4 &199836750178373148 stripped
Transform:
  m_CorrespondingSourceObject: {fileID: 1100067702336974930, guid: babf64eb7631aea41a05809bd4062fa8,
    type: 3}
  m_PrefabInstance: {fileID: 973287452823240270}
  m_PrefabAsset: {fileID: 0}
--- !u!1001 &2200287102057799901
PrefabInstance:
  m_ObjectHideFlags: 0
  serializedVersion: 2
  m_Modification:
    m_TransformParent: {fileID: 4691484579724434657}
    m_Modifications:
    - target: {fileID: 8739827756321370062, guid: 5fa788143e5a53a4483ad834c9416b87,
        type: 3}
      propertyPath: m_Name
      value: red_aero_torso_neck
      objectReference: {fileID: 0}
    - target: {fileID: 3219506196255982839, guid: 5fa788143e5a53a4483ad834c9416b87,
        type: 3}
      propertyPath: m_LocalPosition.x
      value: 0
      objectReference: {fileID: 0}
    - target: {fileID: 3219506196255982839, guid: 5fa788143e5a53a4483ad834c9416b87,
        type: 3}
      propertyPath: m_LocalPosition.y
      value: 0
      objectReference: {fileID: 0}
    - target: {fileID: 3219506196255982839, guid: 5fa788143e5a53a4483ad834c9416b87,
        type: 3}
      propertyPath: m_LocalPosition.z
      value: 0
      objectReference: {fileID: 0}
    - target: {fileID: 3219506196255982839, guid: 5fa788143e5a53a4483ad834c9416b87,
        type: 3}
      propertyPath: m_LocalRotation.x
      value: 0
      objectReference: {fileID: 0}
    - target: {fileID: 3219506196255982839, guid: 5fa788143e5a53a4483ad834c9416b87,
        type: 3}
      propertyPath: m_LocalRotation.y
      value: 0
      objectReference: {fileID: 0}
    - target: {fileID: 3219506196255982839, guid: 5fa788143e5a53a4483ad834c9416b87,
        type: 3}
      propertyPath: m_LocalRotation.z
      value: 0
      objectReference: {fileID: 0}
    - target: {fileID: 3219506196255982839, guid: 5fa788143e5a53a4483ad834c9416b87,
        type: 3}
      propertyPath: m_LocalRotation.w
      value: 1
      objectReference: {fileID: 0}
    - target: {fileID: 3219506196255982839, guid: 5fa788143e5a53a4483ad834c9416b87,
        type: 3}
      propertyPath: m_RootOrder
      value: 6
      objectReference: {fileID: 0}
    - target: {fileID: 3219506196255982839, guid: 5fa788143e5a53a4483ad834c9416b87,
        type: 3}
      propertyPath: m_LocalEulerAnglesHint.x
      value: 0
      objectReference: {fileID: 0}
    - target: {fileID: 3219506196255982839, guid: 5fa788143e5a53a4483ad834c9416b87,
        type: 3}
      propertyPath: m_LocalEulerAnglesHint.y
      value: 0
      objectReference: {fileID: 0}
    - target: {fileID: 3219506196255982839, guid: 5fa788143e5a53a4483ad834c9416b87,
        type: 3}
      propertyPath: m_LocalEulerAnglesHint.z
      value: 0
      objectReference: {fileID: 0}
    - target: {fileID: 5024354916837671755, guid: 5fa788143e5a53a4483ad834c9416b87,
        type: 3}
      propertyPath: SortingLayer
      value: TorsoNeck
      objectReference: {fileID: 0}
    - target: {fileID: 5024354916837671755, guid: 5fa788143e5a53a4483ad834c9416b87,
        type: 3}
      propertyPath: animController
      value: 
      objectReference: {fileID: 4768575469217817986}
    - target: {fileID: 2991566899389595161, guid: 5fa788143e5a53a4483ad834c9416b87,
        type: 3}
      propertyPath: m_LocalRotation.x
      value: 0
      objectReference: {fileID: 0}
    - target: {fileID: 2991566899389595161, guid: 5fa788143e5a53a4483ad834c9416b87,
        type: 3}
      propertyPath: m_LocalRotation.y
      value: 0
      objectReference: {fileID: 0}
    - target: {fileID: 2991566899389595161, guid: 5fa788143e5a53a4483ad834c9416b87,
        type: 3}
      propertyPath: m_LocalRotation.z
      value: 0.0050413427
      objectReference: {fileID: 0}
    - target: {fileID: 2991566899389595161, guid: 5fa788143e5a53a4483ad834c9416b87,
        type: 3}
      propertyPath: m_LocalRotation.w
      value: 0.9999873
      objectReference: {fileID: 0}
    - target: {fileID: 2991566899389595161, guid: 5fa788143e5a53a4483ad834c9416b87,
        type: 3}
      propertyPath: m_LocalPosition.x
      value: -0.13839254
      objectReference: {fileID: 0}
    - target: {fileID: 2991566899389595161, guid: 5fa788143e5a53a4483ad834c9416b87,
        type: 3}
      propertyPath: m_LocalPosition.y
      value: -0.8693275
      objectReference: {fileID: 0}
    - target: {fileID: 1387270881777985987, guid: 5fa788143e5a53a4483ad834c9416b87,
        type: 3}
      propertyPath: m_LocalPosition.x
      value: -0.00000014245511
      objectReference: {fileID: 0}
    - target: {fileID: 2691837414490018134, guid: 5fa788143e5a53a4483ad834c9416b87,
        type: 3}
      propertyPath: m_Sprite
      value: 
      objectReference: {fileID: 21300000, guid: 369ba16052ab1084898fa3e55c766122,
        type: 3}
    - target: {fileID: 2691837414490018134, guid: 5fa788143e5a53a4483ad834c9416b87,
        type: 3}
      propertyPath: m_Size.x
      value: 4.78
      objectReference: {fileID: 0}
    - target: {fileID: 2691837414490018134, guid: 5fa788143e5a53a4483ad834c9416b87,
        type: 3}
      propertyPath: m_Size.y
      value: 3.48
      objectReference: {fileID: 0}
    - target: {fileID: 2691837414490018134, guid: 5fa788143e5a53a4483ad834c9416b87,
        type: 3}
      propertyPath: m_WasSpriteAssigned
      value: 1
      objectReference: {fileID: 0}
    m_RemovedComponents: []
  m_SourcePrefab: {fileID: 100100000, guid: 5fa788143e5a53a4483ad834c9416b87, type: 3}
--- !u!4 &3613301585499038762 stripped
Transform:
  m_CorrespondingSourceObject: {fileID: 3219506196255982839, guid: 5fa788143e5a53a4483ad834c9416b87,
    type: 3}
  m_PrefabInstance: {fileID: 2200287102057799901}
  m_PrefabAsset: {fileID: 0}
--- !u!1001 &3733176110499653004
PrefabInstance:
  m_ObjectHideFlags: 0
  serializedVersion: 2
  m_Modification:
    m_TransformParent: {fileID: 4691484579724434657}
    m_Modifications:
    - target: {fileID: 8141386204202343673, guid: 5a9a20a8f6411584885875b25331fc98,
        type: 3}
      propertyPath: m_Name
      value: Explosions
      objectReference: {fileID: 0}
    - target: {fileID: 6046086590546411258, guid: 5a9a20a8f6411584885875b25331fc98,
        type: 3}
      propertyPath: m_LocalPosition.x
      value: 0
      objectReference: {fileID: 0}
    - target: {fileID: 6046086590546411258, guid: 5a9a20a8f6411584885875b25331fc98,
        type: 3}
      propertyPath: m_LocalPosition.y
      value: 0
      objectReference: {fileID: 0}
    - target: {fileID: 6046086590546411258, guid: 5a9a20a8f6411584885875b25331fc98,
        type: 3}
      propertyPath: m_LocalPosition.z
      value: 0
      objectReference: {fileID: 0}
    - target: {fileID: 6046086590546411258, guid: 5a9a20a8f6411584885875b25331fc98,
        type: 3}
      propertyPath: m_LocalRotation.x
      value: 0
      objectReference: {fileID: 0}
    - target: {fileID: 6046086590546411258, guid: 5a9a20a8f6411584885875b25331fc98,
        type: 3}
      propertyPath: m_LocalRotation.y
      value: 0
      objectReference: {fileID: 0}
    - target: {fileID: 6046086590546411258, guid: 5a9a20a8f6411584885875b25331fc98,
        type: 3}
      propertyPath: m_LocalRotation.z
      value: 0
      objectReference: {fileID: 0}
    - target: {fileID: 6046086590546411258, guid: 5a9a20a8f6411584885875b25331fc98,
        type: 3}
      propertyPath: m_LocalRotation.w
      value: 1
      objectReference: {fileID: 0}
    - target: {fileID: 6046086590546411258, guid: 5a9a20a8f6411584885875b25331fc98,
        type: 3}
      propertyPath: m_RootOrder
      value: 0
      objectReference: {fileID: 0}
    - target: {fileID: 6046086590546411258, guid: 5a9a20a8f6411584885875b25331fc98,
        type: 3}
      propertyPath: m_LocalEulerAnglesHint.x
      value: 0
      objectReference: {fileID: 0}
    - target: {fileID: 6046086590546411258, guid: 5a9a20a8f6411584885875b25331fc98,
        type: 3}
      propertyPath: m_LocalEulerAnglesHint.y
      value: 0
      objectReference: {fileID: 0}
    - target: {fileID: 6046086590546411258, guid: 5a9a20a8f6411584885875b25331fc98,
        type: 3}
      propertyPath: m_LocalEulerAnglesHint.z
      value: 0
      objectReference: {fileID: 0}
    - target: {fileID: 5326348667773233916, guid: 5a9a20a8f6411584885875b25331fc98,
        type: 3}
      propertyPath: m_IsActive
      value: 0
      objectReference: {fileID: 0}
    - target: {fileID: 2277470603311039603, guid: 5a9a20a8f6411584885875b25331fc98,
        type: 3}
      propertyPath: animController
      value: 
      objectReference: {fileID: 3619929228369597748}
    m_RemovedComponents: []
  m_SourcePrefab: {fileID: 100100000, guid: 5a9a20a8f6411584885875b25331fc98, type: 3}
--- !u!4 &6928476164177206134 stripped
Transform:
  m_CorrespondingSourceObject: {fileID: 6046086590546411258, guid: 5a9a20a8f6411584885875b25331fc98,
    type: 3}
  m_PrefabInstance: {fileID: 3733176110499653004}
  m_PrefabAsset: {fileID: 0}
--- !u!114 &3619929228369597748 stripped
MonoBehaviour:
  m_CorrespondingSourceObject: {fileID: 140303802275754168, guid: 5a9a20a8f6411584885875b25331fc98,
    type: 3}
  m_PrefabInstance: {fileID: 3733176110499653004}
  m_PrefabAsset: {fileID: 0}
  m_GameObject: {fileID: 0}
  m_Enabled: 1
  m_EditorHideFlags: 0
  m_Script: {fileID: 11500000, guid: aae3ef1e6d0732a4b8dcade7f806737e, type: 3}
  m_Name: 
  m_EditorClassIdentifier: 
--- !u!1001 &4415468919809914210
PrefabInstance:
  m_ObjectHideFlags: 0
  serializedVersion: 2
  m_Modification:
    m_TransformParent: {fileID: 4691484579724434657}
    m_Modifications:
    - target: {fileID: 3340073664157539209, guid: 20664fdab653fff4c893453f0b1054a5,
        type: 3}
      propertyPath: m_Name
      value: red_aero_left_arm
      objectReference: {fileID: 0}
    - target: {fileID: 90403314132945410, guid: 20664fdab653fff4c893453f0b1054a5,
        type: 3}
      propertyPath: m_LocalPosition.x
      value: 0
      objectReference: {fileID: 0}
    - target: {fileID: 90403314132945410, guid: 20664fdab653fff4c893453f0b1054a5,
        type: 3}
      propertyPath: m_LocalPosition.y
      value: 0
      objectReference: {fileID: 0}
    - target: {fileID: 90403314132945410, guid: 20664fdab653fff4c893453f0b1054a5,
        type: 3}
      propertyPath: m_LocalPosition.z
      value: 0
      objectReference: {fileID: 0}
    - target: {fileID: 90403314132945410, guid: 20664fdab653fff4c893453f0b1054a5,
        type: 3}
      propertyPath: m_LocalRotation.x
      value: 0
      objectReference: {fileID: 0}
    - target: {fileID: 90403314132945410, guid: 20664fdab653fff4c893453f0b1054a5,
        type: 3}
      propertyPath: m_LocalRotation.y
      value: 0
      objectReference: {fileID: 0}
    - target: {fileID: 90403314132945410, guid: 20664fdab653fff4c893453f0b1054a5,
        type: 3}
      propertyPath: m_LocalRotation.z
      value: 0
      objectReference: {fileID: 0}
    - target: {fileID: 90403314132945410, guid: 20664fdab653fff4c893453f0b1054a5,
        type: 3}
      propertyPath: m_LocalRotation.w
      value: 1
      objectReference: {fileID: 0}
    - target: {fileID: 90403314132945410, guid: 20664fdab653fff4c893453f0b1054a5,
        type: 3}
      propertyPath: m_RootOrder
      value: 4
      objectReference: {fileID: 0}
    - target: {fileID: 90403314132945410, guid: 20664fdab653fff4c893453f0b1054a5,
        type: 3}
      propertyPath: m_LocalEulerAnglesHint.x
      value: 0
      objectReference: {fileID: 0}
    - target: {fileID: 90403314132945410, guid: 20664fdab653fff4c893453f0b1054a5,
        type: 3}
      propertyPath: m_LocalEulerAnglesHint.y
      value: 0
      objectReference: {fileID: 0}
    - target: {fileID: 90403314132945410, guid: 20664fdab653fff4c893453f0b1054a5,
        type: 3}
      propertyPath: m_LocalEulerAnglesHint.z
      value: 0
      objectReference: {fileID: 0}
    - target: {fileID: 3302663932889468537, guid: 20664fdab653fff4c893453f0b1054a5,
        type: 3}
      propertyPath: SortingLayer
      value: LeftArm
      objectReference: {fileID: 0}
    - target: {fileID: 3302663932889468537, guid: 20664fdab653fff4c893453f0b1054a5,
        type: 3}
      propertyPath: animController
      value: 
      objectReference: {fileID: 4768575469217817986}
    - target: {fileID: 947250741773629006, guid: 20664fdab653fff4c893453f0b1054a5,
        type: 3}
      propertyPath: m_LocalRotation.x
      value: 0
      objectReference: {fileID: 0}
    - target: {fileID: 947250741773629006, guid: 20664fdab653fff4c893453f0b1054a5,
        type: 3}
      propertyPath: m_LocalRotation.y
      value: 0
      objectReference: {fileID: 0}
    - target: {fileID: 947250741773629006, guid: 20664fdab653fff4c893453f0b1054a5,
        type: 3}
      propertyPath: m_LocalRotation.z
      value: 0.5254125
      objectReference: {fileID: 0}
    - target: {fileID: 947250741773629006, guid: 20664fdab653fff4c893453f0b1054a5,
        type: 3}
      propertyPath: m_LocalRotation.w
      value: 0.85084766
      objectReference: {fileID: 0}
    - target: {fileID: 947250741773629006, guid: 20664fdab653fff4c893453f0b1054a5,
        type: 3}
      propertyPath: m_LocalPosition.x
      value: 11.983312
      objectReference: {fileID: 0}
    - target: {fileID: 947250741773629006, guid: 20664fdab653fff4c893453f0b1054a5,
        type: 3}
      propertyPath: m_LocalPosition.y
      value: 1.474385
      objectReference: {fileID: 0}
    - target: {fileID: 1044736332534406341, guid: 20664fdab653fff4c893453f0b1054a5,
        type: 3}
      propertyPath: m_LocalRotation.x
      value: 0
      objectReference: {fileID: 0}
    - target: {fileID: 1044736332534406341, guid: 20664fdab653fff4c893453f0b1054a5,
        type: 3}
      propertyPath: m_LocalRotation.y
      value: 0
      objectReference: {fileID: 0}
    - target: {fileID: 1044736332534406341, guid: 20664fdab653fff4c893453f0b1054a5,
        type: 3}
      propertyPath: m_LocalRotation.z
      value: 0.28736097
      objectReference: {fileID: 0}
    - target: {fileID: 1044736332534406341, guid: 20664fdab653fff4c893453f0b1054a5,
        type: 3}
      propertyPath: m_LocalRotation.w
      value: -0.9578224
      objectReference: {fileID: 0}
    - target: {fileID: 1044736332534406341, guid: 20664fdab653fff4c893453f0b1054a5,
        type: 3}
      propertyPath: m_LocalPosition.x
      value: 5.921298
      objectReference: {fileID: 0}
    - target: {fileID: 1044736332534406341, guid: 20664fdab653fff4c893453f0b1054a5,
        type: 3}
      propertyPath: m_LocalPosition.y
      value: 0.08565769
      objectReference: {fileID: 0}
    - target: {fileID: 3962544677015644417, guid: 20664fdab653fff4c893453f0b1054a5,
        type: 3}
      propertyPath: m_LocalRotation.x
      value: 0
      objectReference: {fileID: 0}
    - target: {fileID: 3962544677015644417, guid: 20664fdab653fff4c893453f0b1054a5,
        type: 3}
      propertyPath: m_LocalRotation.y
      value: 0
      objectReference: {fileID: 0}
    - target: {fileID: 3962544677015644417, guid: 20664fdab653fff4c893453f0b1054a5,
        type: 3}
      propertyPath: m_LocalRotation.z
      value: 0.867802
      objectReference: {fileID: 0}
    - target: {fileID: 3962544677015644417, guid: 20664fdab653fff4c893453f0b1054a5,
        type: 3}
      propertyPath: m_LocalRotation.w
      value: -0.49691007
      objectReference: {fileID: 0}
    - target: {fileID: 3962544677015644417, guid: 20664fdab653fff4c893453f0b1054a5,
        type: 3}
      propertyPath: m_LocalPosition.x
      value: 9.962615
      objectReference: {fileID: 0}
    - target: {fileID: 3962544677015644417, guid: 20664fdab653fff4c893453f0b1054a5,
        type: 3}
      propertyPath: m_LocalPosition.y
      value: -2.631827
      objectReference: {fileID: 0}
    - target: {fileID: 2449669493338903023, guid: 20664fdab653fff4c893453f0b1054a5,
        type: 3}
      propertyPath: m_LocalRotation.x
      value: 0
      objectReference: {fileID: 0}
    - target: {fileID: 2449669493338903023, guid: 20664fdab653fff4c893453f0b1054a5,
        type: 3}
      propertyPath: m_LocalRotation.y
      value: 0
      objectReference: {fileID: 0}
    - target: {fileID: 2449669493338903023, guid: 20664fdab653fff4c893453f0b1054a5,
        type: 3}
      propertyPath: m_LocalRotation.z
      value: 0.9693032
      objectReference: {fileID: 0}
    - target: {fileID: 2449669493338903023, guid: 20664fdab653fff4c893453f0b1054a5,
        type: 3}
      propertyPath: m_LocalRotation.w
      value: 0.24586856
      objectReference: {fileID: 0}
    - target: {fileID: 2449669493338903023, guid: 20664fdab653fff4c893453f0b1054a5,
        type: 3}
      propertyPath: m_LocalPosition.x
      value: 13.775099
      objectReference: {fileID: 0}
    - target: {fileID: 2449669493338903023, guid: 20664fdab653fff4c893453f0b1054a5,
        type: 3}
      propertyPath: m_LocalPosition.y
      value: 5.0172286
      objectReference: {fileID: 0}
    - target: {fileID: 2129789195937612804, guid: 20664fdab653fff4c893453f0b1054a5,
        type: 3}
      propertyPath: m_LocalPosition.x
      value: -0.00000027239338
      objectReference: {fileID: 0}
    - target: {fileID: 2129789195937612804, guid: 20664fdab653fff4c893453f0b1054a5,
        type: 3}
      propertyPath: m_LocalScale.x
      value: 1.0000005
      objectReference: {fileID: 0}
    - target: {fileID: 3984877046890306775, guid: 20664fdab653fff4c893453f0b1054a5,
        type: 3}
      propertyPath: m_LocalPosition.x
      value: -0.00000027239307
      objectReference: {fileID: 0}
    - target: {fileID: 3984877046890306775, guid: 20664fdab653fff4c893453f0b1054a5,
        type: 3}
      propertyPath: m_LocalScale.x
      value: 0.9999994
      objectReference: {fileID: 0}
    - target: {fileID: 1945777689001345535, guid: 20664fdab653fff4c893453f0b1054a5,
        type: 3}
      propertyPath: m_LocalScale.x
      value: 0.9999994
      objectReference: {fileID: 0}
    - target: {fileID: 4360709567976024233, guid: 20664fdab653fff4c893453f0b1054a5,
        type: 3}
      propertyPath: m_LocalPosition.y
      value: -1.1556001
      objectReference: {fileID: 0}
    - target: {fileID: 4360709567976024233, guid: 20664fdab653fff4c893453f0b1054a5,
        type: 3}
      propertyPath: m_LocalScale.x
      value: 1.0000005
      objectReference: {fileID: 0}
    - target: {fileID: 1059005497825288896, guid: 20664fdab653fff4c893453f0b1054a5,
        type: 3}
      propertyPath: m_Sprite
      value: 
      objectReference: {fileID: 21300000, guid: 69aa664ccf831ad49a5efc0ea8848487,
        type: 3}
    - target: {fileID: 1059005497825288896, guid: 20664fdab653fff4c893453f0b1054a5,
        type: 3}
      propertyPath: m_Size.x
      value: 9.14
      objectReference: {fileID: 0}
    - target: {fileID: 1059005497825288896, guid: 20664fdab653fff4c893453f0b1054a5,
        type: 3}
      propertyPath: m_Size.y
      value: 1.92
      objectReference: {fileID: 0}
    - target: {fileID: 1059005497825288896, guid: 20664fdab653fff4c893453f0b1054a5,
        type: 3}
      propertyPath: m_WasSpriteAssigned
      value: 1
      objectReference: {fileID: 0}
    - target: {fileID: 8868340886436883673, guid: 20664fdab653fff4c893453f0b1054a5,
        type: 3}
      propertyPath: m_SortingOrder
      value: 1
      objectReference: {fileID: 0}
    - target: {fileID: 8868340886436883673, guid: 20664fdab653fff4c893453f0b1054a5,
        type: 3}
      propertyPath: m_Sprite
      value: 
      objectReference: {fileID: 21300000, guid: 69aa664ccf831ad49a5efc0ea8848487,
        type: 3}
    - target: {fileID: 8868340886436883673, guid: 20664fdab653fff4c893453f0b1054a5,
        type: 3}
      propertyPath: m_Size.x
      value: 9.14
      objectReference: {fileID: 0}
    - target: {fileID: 8868340886436883673, guid: 20664fdab653fff4c893453f0b1054a5,
        type: 3}
      propertyPath: m_Size.y
      value: 1.92
      objectReference: {fileID: 0}
    - target: {fileID: 8868340886436883673, guid: 20664fdab653fff4c893453f0b1054a5,
        type: 3}
      propertyPath: m_WasSpriteAssigned
      value: 1
      objectReference: {fileID: 0}
    - target: {fileID: 1799946683247022650, guid: 20664fdab653fff4c893453f0b1054a5,
        type: 3}
      propertyPath: m_SortingOrder
      value: 3
      objectReference: {fileID: 0}
    - target: {fileID: 1799946683247022650, guid: 20664fdab653fff4c893453f0b1054a5,
        type: 3}
      propertyPath: m_Sprite
      value: 
      objectReference: {fileID: 21300000, guid: 2b5f3ef69fbc7304a846ddcb585aa606,
        type: 3}
    - target: {fileID: 1799946683247022650, guid: 20664fdab653fff4c893453f0b1054a5,
        type: 3}
      propertyPath: m_Size.x
      value: 2.69
      objectReference: {fileID: 0}
    - target: {fileID: 1799946683247022650, guid: 20664fdab653fff4c893453f0b1054a5,
        type: 3}
      propertyPath: m_Size.y
      value: 3.21
      objectReference: {fileID: 0}
    - target: {fileID: 1799946683247022650, guid: 20664fdab653fff4c893453f0b1054a5,
        type: 3}
      propertyPath: m_WasSpriteAssigned
      value: 1
      objectReference: {fileID: 0}
    - target: {fileID: 2871208851970848723, guid: 20664fdab653fff4c893453f0b1054a5,
        type: 3}
      propertyPath: m_SortingOrder
      value: 2
      objectReference: {fileID: 0}
    - target: {fileID: 2871208851970848723, guid: 20664fdab653fff4c893453f0b1054a5,
        type: 3}
      propertyPath: m_Sprite
      value: 
      objectReference: {fileID: 21300000, guid: 5cbb7a89052ba33489366236ce41e24b,
        type: 3}
    - target: {fileID: 2871208851970848723, guid: 20664fdab653fff4c893453f0b1054a5,
        type: 3}
      propertyPath: m_Size.x
      value: 2.8
      objectReference: {fileID: 0}
    - target: {fileID: 2871208851970848723, guid: 20664fdab653fff4c893453f0b1054a5,
        type: 3}
      propertyPath: m_Size.y
      value: 2.78
      objectReference: {fileID: 0}
    - target: {fileID: 2871208851970848723, guid: 20664fdab653fff4c893453f0b1054a5,
        type: 3}
      propertyPath: m_WasSpriteAssigned
      value: 1
      objectReference: {fileID: 0}
    m_RemovedComponents: []
  m_SourcePrefab: {fileID: 100100000, guid: 20664fdab653fff4c893453f0b1054a5, type: 3}
--- !u!4 &4325646708892876640 stripped
Transform:
  m_CorrespondingSourceObject: {fileID: 90403314132945410, guid: 20664fdab653fff4c893453f0b1054a5,
    type: 3}
  m_PrefabInstance: {fileID: 4415468919809914210}
  m_PrefabAsset: {fileID: 0}
--- !u!1001 &5231892690393436305
PrefabInstance:
  m_ObjectHideFlags: 0
  serializedVersion: 2
  m_Modification:
    m_TransformParent: {fileID: 4691484579724434657}
    m_Modifications:
    - target: {fileID: 1588625446374757520, guid: d06d14b1b564df34fad9a31f103eba53,
        type: 3}
      propertyPath: m_Name
      value: red_aero_fist
      objectReference: {fileID: 0}
    - target: {fileID: 5314908012997311435, guid: d06d14b1b564df34fad9a31f103eba53,
        type: 3}
      propertyPath: m_LocalPosition.x
      value: 0
      objectReference: {fileID: 0}
    - target: {fileID: 5314908012997311435, guid: d06d14b1b564df34fad9a31f103eba53,
        type: 3}
      propertyPath: m_LocalPosition.y
      value: 0
      objectReference: {fileID: 0}
    - target: {fileID: 5314908012997311435, guid: d06d14b1b564df34fad9a31f103eba53,
        type: 3}
      propertyPath: m_LocalPosition.z
      value: 0
      objectReference: {fileID: 0}
    - target: {fileID: 5314908012997311435, guid: d06d14b1b564df34fad9a31f103eba53,
        type: 3}
      propertyPath: m_LocalRotation.x
      value: 0
      objectReference: {fileID: 0}
    - target: {fileID: 5314908012997311435, guid: d06d14b1b564df34fad9a31f103eba53,
        type: 3}
      propertyPath: m_LocalRotation.y
      value: 0
      objectReference: {fileID: 0}
    - target: {fileID: 5314908012997311435, guid: d06d14b1b564df34fad9a31f103eba53,
        type: 3}
      propertyPath: m_LocalRotation.z
      value: 0
      objectReference: {fileID: 0}
    - target: {fileID: 5314908012997311435, guid: d06d14b1b564df34fad9a31f103eba53,
        type: 3}
      propertyPath: m_LocalRotation.w
      value: 1
      objectReference: {fileID: 0}
    - target: {fileID: 5314908012997311435, guid: d06d14b1b564df34fad9a31f103eba53,
        type: 3}
      propertyPath: m_RootOrder
      value: 3
      objectReference: {fileID: 0}
    - target: {fileID: 5314908012997311435, guid: d06d14b1b564df34fad9a31f103eba53,
        type: 3}
      propertyPath: m_LocalEulerAnglesHint.x
      value: 0
      objectReference: {fileID: 0}
    - target: {fileID: 5314908012997311435, guid: d06d14b1b564df34fad9a31f103eba53,
        type: 3}
      propertyPath: m_LocalEulerAnglesHint.y
      value: 0
      objectReference: {fileID: 0}
    - target: {fileID: 5314908012997311435, guid: d06d14b1b564df34fad9a31f103eba53,
        type: 3}
      propertyPath: m_LocalEulerAnglesHint.z
      value: 0
      objectReference: {fileID: 0}
    - target: {fileID: 7612509653194714178, guid: d06d14b1b564df34fad9a31f103eba53,
        type: 3}
      propertyPath: SortingLayer
      value: Fists
      objectReference: {fileID: 0}
    - target: {fileID: 7612509653194714178, guid: d06d14b1b564df34fad9a31f103eba53,
        type: 3}
      propertyPath: animController
      value: 
      objectReference: {fileID: 4768575469217817986}
    - target: {fileID: 6066634095281261870, guid: d06d14b1b564df34fad9a31f103eba53,
        type: 3}
      propertyPath: m_LocalRotation.x
      value: 0
      objectReference: {fileID: 0}
    - target: {fileID: 6066634095281261870, guid: d06d14b1b564df34fad9a31f103eba53,
        type: 3}
      propertyPath: m_LocalRotation.y
      value: 0
      objectReference: {fileID: 0}
    - target: {fileID: 6066634095281261870, guid: d06d14b1b564df34fad9a31f103eba53,
        type: 3}
      propertyPath: m_LocalRotation.z
      value: 0.09281694
      objectReference: {fileID: 0}
    - target: {fileID: 6066634095281261870, guid: d06d14b1b564df34fad9a31f103eba53,
        type: 3}
      propertyPath: m_LocalRotation.w
      value: -0.9956832
      objectReference: {fileID: 0}
    - target: {fileID: 6066634095281261870, guid: d06d14b1b564df34fad9a31f103eba53,
        type: 3}
      propertyPath: m_LocalPosition.x
      value: -13.145076
      objectReference: {fileID: 0}
    - target: {fileID: 6066634095281261870, guid: d06d14b1b564df34fad9a31f103eba53,
        type: 3}
      propertyPath: m_LocalPosition.y
      value: -3.363402
      objectReference: {fileID: 0}
    - target: {fileID: 4205525289651590816, guid: d06d14b1b564df34fad9a31f103eba53,
        type: 3}
      propertyPath: m_LocalPosition.y
      value: -1.1556001
      objectReference: {fileID: 0}
    - target: {fileID: 8404979096641780947, guid: d06d14b1b564df34fad9a31f103eba53,
        type: 3}
      propertyPath: m_Sprite
      value: 
      objectReference: {fileID: 21300000, guid: 2b5f3ef69fbc7304a846ddcb585aa606,
        type: 3}
    - target: {fileID: 8404979096641780947, guid: d06d14b1b564df34fad9a31f103eba53,
        type: 3}
      propertyPath: m_Size.x
      value: 2.69
      objectReference: {fileID: 0}
    - target: {fileID: 8404979096641780947, guid: d06d14b1b564df34fad9a31f103eba53,
        type: 3}
      propertyPath: m_Size.y
      value: 3.21
      objectReference: {fileID: 0}
    - target: {fileID: 8404979096641780947, guid: d06d14b1b564df34fad9a31f103eba53,
        type: 3}
      propertyPath: m_WasSpriteAssigned
      value: 1
      objectReference: {fileID: 0}
    m_RemovedComponents: []
  m_SourcePrefab: {fileID: 100100000, guid: d06d14b1b564df34fad9a31f103eba53, type: 3}
--- !u!4 &97163855453088602 stripped
Transform:
  m_CorrespondingSourceObject: {fileID: 5314908012997311435, guid: d06d14b1b564df34fad9a31f103eba53,
    type: 3}
  m_PrefabInstance: {fileID: 5231892690393436305}
  m_PrefabAsset: {fileID: 0}
--- !u!1001 &5820700800369742516
PrefabInstance:
  m_ObjectHideFlags: 0
  serializedVersion: 2
  m_Modification:
    m_TransformParent: {fileID: 4691484579724434657}
    m_Modifications:
    - target: {fileID: 3396210769518036493, guid: 23fa6de57ffe9dc4c84bde584ace15c0,
        type: 3}
      propertyPath: m_Name
      value: red_aero_right_arm
      objectReference: {fileID: 0}
    - target: {fileID: 7952716046077707942, guid: 23fa6de57ffe9dc4c84bde584ace15c0,
        type: 3}
      propertyPath: m_LocalPosition.x
      value: 0
      objectReference: {fileID: 0}
    - target: {fileID: 7952716046077707942, guid: 23fa6de57ffe9dc4c84bde584ace15c0,
        type: 3}
      propertyPath: m_LocalPosition.y
      value: 0
      objectReference: {fileID: 0}
    - target: {fileID: 7952716046077707942, guid: 23fa6de57ffe9dc4c84bde584ace15c0,
        type: 3}
      propertyPath: m_LocalPosition.z
      value: 0
      objectReference: {fileID: 0}
    - target: {fileID: 7952716046077707942, guid: 23fa6de57ffe9dc4c84bde584ace15c0,
        type: 3}
      propertyPath: m_LocalRotation.x
      value: 0
      objectReference: {fileID: 0}
    - target: {fileID: 7952716046077707942, guid: 23fa6de57ffe9dc4c84bde584ace15c0,
        type: 3}
      propertyPath: m_LocalRotation.y
      value: 0
      objectReference: {fileID: 0}
    - target: {fileID: 7952716046077707942, guid: 23fa6de57ffe9dc4c84bde584ace15c0,
        type: 3}
      propertyPath: m_LocalRotation.z
      value: 0
      objectReference: {fileID: 0}
    - target: {fileID: 7952716046077707942, guid: 23fa6de57ffe9dc4c84bde584ace15c0,
        type: 3}
      propertyPath: m_LocalRotation.w
      value: 1
      objectReference: {fileID: 0}
    - target: {fileID: 7952716046077707942, guid: 23fa6de57ffe9dc4c84bde584ace15c0,
        type: 3}
      propertyPath: m_RootOrder
      value: 5
      objectReference: {fileID: 0}
    - target: {fileID: 7952716046077707942, guid: 23fa6de57ffe9dc4c84bde584ace15c0,
        type: 3}
      propertyPath: m_LocalEulerAnglesHint.x
      value: 0
      objectReference: {fileID: 0}
    - target: {fileID: 7952716046077707942, guid: 23fa6de57ffe9dc4c84bde584ace15c0,
        type: 3}
      propertyPath: m_LocalEulerAnglesHint.y
      value: 0
      objectReference: {fileID: 0}
    - target: {fileID: 7952716046077707942, guid: 23fa6de57ffe9dc4c84bde584ace15c0,
        type: 3}
      propertyPath: m_LocalEulerAnglesHint.z
      value: 0
      objectReference: {fileID: 0}
    - target: {fileID: 8007321583736717710, guid: 23fa6de57ffe9dc4c84bde584ace15c0,
        type: 3}
      propertyPath: SortingLayer
      value: RightArm_it
      objectReference: {fileID: 0}
    - target: {fileID: 8007321583736717710, guid: 23fa6de57ffe9dc4c84bde584ace15c0,
        type: 3}
      propertyPath: animController
      value: 
      objectReference: {fileID: 4768575469217817986}
    - target: {fileID: 8003299090422619216, guid: 23fa6de57ffe9dc4c84bde584ace15c0,
        type: 3}
      propertyPath: m_LocalRotation.x
      value: 0
      objectReference: {fileID: 0}
    - target: {fileID: 8003299090422619216, guid: 23fa6de57ffe9dc4c84bde584ace15c0,
        type: 3}
      propertyPath: m_LocalRotation.y
      value: 0
      objectReference: {fileID: 0}
    - target: {fileID: 8003299090422619216, guid: 23fa6de57ffe9dc4c84bde584ace15c0,
        type: 3}
      propertyPath: m_LocalRotation.z
      value: 0.15422828
      objectReference: {fileID: 0}
    - target: {fileID: 8003299090422619216, guid: 23fa6de57ffe9dc4c84bde584ace15c0,
        type: 3}
      propertyPath: m_LocalRotation.w
      value: -0.98803526
      objectReference: {fileID: 0}
    - target: {fileID: 8003299090422619216, guid: 23fa6de57ffe9dc4c84bde584ace15c0,
        type: 3}
      propertyPath: m_LocalPosition.x
      value: -6.4885817
      objectReference: {fileID: 0}
    - target: {fileID: 8003299090422619216, guid: 23fa6de57ffe9dc4c84bde584ace15c0,
        type: 3}
      propertyPath: m_LocalPosition.y
      value: 3.539224
      objectReference: {fileID: 0}
    - target: {fileID: 9092456246133170409, guid: 23fa6de57ffe9dc4c84bde584ace15c0,
        type: 3}
      propertyPath: m_LocalRotation.x
      value: 0
      objectReference: {fileID: 0}
    - target: {fileID: 9092456246133170409, guid: 23fa6de57ffe9dc4c84bde584ace15c0,
        type: 3}
      propertyPath: m_LocalRotation.y
      value: 0
      objectReference: {fileID: 0}
    - target: {fileID: 9092456246133170409, guid: 23fa6de57ffe9dc4c84bde584ace15c0,
        type: 3}
      propertyPath: m_LocalRotation.z
      value: 0.5939715
      objectReference: {fileID: 0}
    - target: {fileID: 9092456246133170409, guid: 23fa6de57ffe9dc4c84bde584ace15c0,
        type: 3}
      propertyPath: m_LocalRotation.w
      value: 0.8044861
      objectReference: {fileID: 0}
    - target: {fileID: 9092456246133170409, guid: 23fa6de57ffe9dc4c84bde584ace15c0,
        type: 3}
      propertyPath: m_LocalPosition.x
      value: -11.908919
      objectReference: {fileID: 0}
    - target: {fileID: 9092456246133170409, guid: 23fa6de57ffe9dc4c84bde584ace15c0,
        type: 3}
      propertyPath: m_LocalPosition.y
      value: 0.7229103
      objectReference: {fileID: 0}
    - target: {fileID: 2512679335805194169, guid: 23fa6de57ffe9dc4c84bde584ace15c0,
        type: 3}
      propertyPath: m_LocalRotation.x
      value: 0
      objectReference: {fileID: 0}
    - target: {fileID: 2512679335805194169, guid: 23fa6de57ffe9dc4c84bde584ace15c0,
        type: 3}
      propertyPath: m_LocalRotation.y
      value: 0
      objectReference: {fileID: 0}
    - target: {fileID: 2512679335805194169, guid: 23fa6de57ffe9dc4c84bde584ace15c0,
        type: 3}
      propertyPath: m_LocalRotation.z
      value: 0.6235795
      objectReference: {fileID: 0}
    - target: {fileID: 2512679335805194169, guid: 23fa6de57ffe9dc4c84bde584ace15c0,
        type: 3}
      propertyPath: m_LocalRotation.w
      value: 0.78176
      objectReference: {fileID: 0}
    - target: {fileID: 2512679335805194169, guid: 23fa6de57ffe9dc4c84bde584ace15c0,
        type: 3}
      propertyPath: m_LocalPosition.x
      value: -10.591266
      objectReference: {fileID: 0}
    - target: {fileID: 2512679335805194169, guid: 23fa6de57ffe9dc4c84bde584ace15c0,
        type: 3}
      propertyPath: m_LocalPosition.y
      value: 4.797077
      objectReference: {fileID: 0}
    - target: {fileID: 338343506179092282, guid: 23fa6de57ffe9dc4c84bde584ace15c0,
        type: 3}
      propertyPath: m_LocalPosition.x
      value: -0.00000027239324
      objectReference: {fileID: 0}
    - target: {fileID: 7855390478026644132, guid: 23fa6de57ffe9dc4c84bde584ace15c0,
        type: 3}
      propertyPath: m_LocalPosition.x
      value: -0.00000027239324
      objectReference: {fileID: 0}
    - target: {fileID: 6351067872670786661, guid: 23fa6de57ffe9dc4c84bde584ace15c0,
        type: 3}
      propertyPath: m_SortingOrder
      value: 1
      objectReference: {fileID: 0}
    - target: {fileID: 6351067872670786661, guid: 23fa6de57ffe9dc4c84bde584ace15c0,
        type: 3}
      propertyPath: m_Sprite
      value: 
      objectReference: {fileID: 21300000, guid: 69aa664ccf831ad49a5efc0ea8848487,
        type: 3}
    - target: {fileID: 6351067872670786661, guid: 23fa6de57ffe9dc4c84bde584ace15c0,
        type: 3}
      propertyPath: m_Size.x
      value: 9.14
      objectReference: {fileID: 0}
    - target: {fileID: 6351067872670786661, guid: 23fa6de57ffe9dc4c84bde584ace15c0,
        type: 3}
      propertyPath: m_Size.y
      value: 1.92
      objectReference: {fileID: 0}
    - target: {fileID: 6351067872670786661, guid: 23fa6de57ffe9dc4c84bde584ace15c0,
        type: 3}
      propertyPath: m_WasSpriteAssigned
      value: 1
      objectReference: {fileID: 0}
    - target: {fileID: 8096689498078416366, guid: 23fa6de57ffe9dc4c84bde584ace15c0,
        type: 3}
      propertyPath: m_SortingOrder
      value: 2
      objectReference: {fileID: 0}
    - target: {fileID: 8096689498078416366, guid: 23fa6de57ffe9dc4c84bde584ace15c0,
        type: 3}
      propertyPath: m_Sprite
      value: 
      objectReference: {fileID: 21300000, guid: 5cbb7a89052ba33489366236ce41e24b,
        type: 3}
    - target: {fileID: 8096689498078416366, guid: 23fa6de57ffe9dc4c84bde584ace15c0,
        type: 3}
      propertyPath: m_Size.x
      value: 2.8
      objectReference: {fileID: 0}
    - target: {fileID: 8096689498078416366, guid: 23fa6de57ffe9dc4c84bde584ace15c0,
        type: 3}
      propertyPath: m_Size.y
      value: 2.78
      objectReference: {fileID: 0}
    - target: {fileID: 8096689498078416366, guid: 23fa6de57ffe9dc4c84bde584ace15c0,
        type: 3}
      propertyPath: m_WasSpriteAssigned
      value: 1
      objectReference: {fileID: 0}
    - target: {fileID: 5566998936355885405, guid: 23fa6de57ffe9dc4c84bde584ace15c0,
        type: 3}
      propertyPath: m_Sprite
      value: 
      objectReference: {fileID: 21300000, guid: 69aa664ccf831ad49a5efc0ea8848487,
        type: 3}
    - target: {fileID: 5566998936355885405, guid: 23fa6de57ffe9dc4c84bde584ace15c0,
        type: 3}
      propertyPath: m_Size.x
      value: 9.14
      objectReference: {fileID: 0}
    - target: {fileID: 5566998936355885405, guid: 23fa6de57ffe9dc4c84bde584ace15c0,
        type: 3}
      propertyPath: m_Size.y
      value: 1.92
      objectReference: {fileID: 0}
    - target: {fileID: 5566998936355885405, guid: 23fa6de57ffe9dc4c84bde584ace15c0,
        type: 3}
      propertyPath: m_WasSpriteAssigned
      value: 1
      objectReference: {fileID: 0}
    m_RemovedComponents: []
  m_SourcePrefab: {fileID: 100100000, guid: 23fa6de57ffe9dc4c84bde584ace15c0, type: 3}
--- !u!4 &4511183586465682450 stripped
Transform:
  m_CorrespondingSourceObject: {fileID: 7952716046077707942, guid: 23fa6de57ffe9dc4c84bde584ace15c0,
    type: 3}
  m_PrefabInstance: {fileID: 5820700800369742516}
  m_PrefabAsset: {fileID: 0}
--- !u!1001 &6758245325936756967
PrefabInstance:
  m_ObjectHideFlags: 0
  serializedVersion: 2
  m_Modification:
    m_TransformParent: {fileID: 4691484579724434657}
    m_Modifications:
    - target: {fileID: 6791357774174193419, guid: a1fab346b4eacf140bb2f1bca8904c2e,
        type: 3}
      propertyPath: m_Name
      value: red_aero_chest
      objectReference: {fileID: 0}
    - target: {fileID: 5191485927405318590, guid: a1fab346b4eacf140bb2f1bca8904c2e,
        type: 3}
      propertyPath: m_LocalPosition.x
      value: 0
      objectReference: {fileID: 0}
    - target: {fileID: 5191485927405318590, guid: a1fab346b4eacf140bb2f1bca8904c2e,
        type: 3}
      propertyPath: m_LocalPosition.y
      value: 0
      objectReference: {fileID: 0}
    - target: {fileID: 5191485927405318590, guid: a1fab346b4eacf140bb2f1bca8904c2e,
        type: 3}
      propertyPath: m_LocalPosition.z
      value: 0
      objectReference: {fileID: 0}
    - target: {fileID: 5191485927405318590, guid: a1fab346b4eacf140bb2f1bca8904c2e,
        type: 3}
      propertyPath: m_LocalRotation.x
      value: 0
      objectReference: {fileID: 0}
    - target: {fileID: 5191485927405318590, guid: a1fab346b4eacf140bb2f1bca8904c2e,
        type: 3}
      propertyPath: m_LocalRotation.y
      value: 0
      objectReference: {fileID: 0}
    - target: {fileID: 5191485927405318590, guid: a1fab346b4eacf140bb2f1bca8904c2e,
        type: 3}
      propertyPath: m_LocalRotation.z
      value: 0
      objectReference: {fileID: 0}
    - target: {fileID: 5191485927405318590, guid: a1fab346b4eacf140bb2f1bca8904c2e,
        type: 3}
      propertyPath: m_LocalRotation.w
      value: 1
      objectReference: {fileID: 0}
    - target: {fileID: 5191485927405318590, guid: a1fab346b4eacf140bb2f1bca8904c2e,
        type: 3}
      propertyPath: m_RootOrder
      value: 2
      objectReference: {fileID: 0}
    - target: {fileID: 5191485927405318590, guid: a1fab346b4eacf140bb2f1bca8904c2e,
        type: 3}
      propertyPath: m_LocalEulerAnglesHint.x
      value: 0
      objectReference: {fileID: 0}
    - target: {fileID: 5191485927405318590, guid: a1fab346b4eacf140bb2f1bca8904c2e,
        type: 3}
      propertyPath: m_LocalEulerAnglesHint.y
      value: 0
      objectReference: {fileID: 0}
    - target: {fileID: 5191485927405318590, guid: a1fab346b4eacf140bb2f1bca8904c2e,
        type: 3}
      propertyPath: m_LocalEulerAnglesHint.z
      value: 0
      objectReference: {fileID: 0}
    - target: {fileID: 6633196752671082520, guid: a1fab346b4eacf140bb2f1bca8904c2e,
        type: 3}
      propertyPath: SortingLayer
      value: Chest
      objectReference: {fileID: 0}
    - target: {fileID: 6633196752671082520, guid: a1fab346b4eacf140bb2f1bca8904c2e,
        type: 3}
      propertyPath: animController
      value: 
      objectReference: {fileID: 4768575469217817986}
    - target: {fileID: 2225302555028667133, guid: a1fab346b4eacf140bb2f1bca8904c2e,
        type: 3}
      propertyPath: m_LocalRotation.x
      value: 0
      objectReference: {fileID: 0}
    - target: {fileID: 2225302555028667133, guid: a1fab346b4eacf140bb2f1bca8904c2e,
        type: 3}
      propertyPath: m_LocalRotation.y
      value: 0
      objectReference: {fileID: 0}
    - target: {fileID: 2225302555028667133, guid: a1fab346b4eacf140bb2f1bca8904c2e,
        type: 3}
      propertyPath: m_LocalRotation.z
      value: 0.055168122
      objectReference: {fileID: 0}
    - target: {fileID: 2225302555028667133, guid: a1fab346b4eacf140bb2f1bca8904c2e,
        type: 3}
      propertyPath: m_LocalRotation.w
      value: 0.9984771
      objectReference: {fileID: 0}
    - target: {fileID: 2225302555028667133, guid: a1fab346b4eacf140bb2f1bca8904c2e,
        type: 3}
      propertyPath: m_LocalPosition.x
      value: -0.5217752
      objectReference: {fileID: 0}
    - target: {fileID: 2225302555028667133, guid: a1fab346b4eacf140bb2f1bca8904c2e,
        type: 3}
      propertyPath: m_LocalPosition.y
      value: 2.288976
      objectReference: {fileID: 0}
    - target: {fileID: 170330135985776575, guid: a1fab346b4eacf140bb2f1bca8904c2e,
        type: 3}
      propertyPath: m_LocalPosition.x
      value: -0.3889184
      objectReference: {fileID: 0}
    - target: {fileID: 170330135985776575, guid: a1fab346b4eacf140bb2f1bca8904c2e,
        type: 3}
      propertyPath: m_LocalPosition.y
      value: 0.099968016
      objectReference: {fileID: 0}
    - target: {fileID: 5930101817594375888, guid: a1fab346b4eacf140bb2f1bca8904c2e,
        type: 3}
      propertyPath: m_Sprite
      value: 
      objectReference: {fileID: 21300000, guid: eb257e95d42feb34a95e61ff7a7897c0,
        type: 3}
    - target: {fileID: 5930101817594375888, guid: a1fab346b4eacf140bb2f1bca8904c2e,
        type: 3}
      propertyPath: m_Size.x
      value: 8.43
      objectReference: {fileID: 0}
    - target: {fileID: 5930101817594375888, guid: a1fab346b4eacf140bb2f1bca8904c2e,
        type: 3}
      propertyPath: m_Size.y
      value: 7.04
      objectReference: {fileID: 0}
    - target: {fileID: 5930101817594375888, guid: a1fab346b4eacf140bb2f1bca8904c2e,
        type: 3}
      propertyPath: m_WasSpriteAssigned
      value: 1
      objectReference: {fileID: 0}
    m_RemovedComponents: []
  m_SourcePrefab: {fileID: 100100000, guid: a1fab346b4eacf140bb2f1bca8904c2e, type: 3}
--- !u!4 &1567745942118562137 stripped
Transform:
  m_CorrespondingSourceObject: {fileID: 5191485927405318590, guid: a1fab346b4eacf140bb2f1bca8904c2e,
    type: 3}
  m_PrefabInstance: {fileID: 6758245325936756967}
  m_PrefabAsset: {fileID: 0}
--- !u!1001 &7368613662082418960
PrefabInstance:
  m_ObjectHideFlags: 0
  serializedVersion: 2
  m_Modification:
    m_TransformParent: {fileID: 4691484579724434657}
    m_Modifications:
    - target: {fileID: 2933014848184420768, guid: 3ce60983a12076847a156e46222dbe0f,
        type: 3}
      propertyPath: m_Name
      value: aero_weapon
      objectReference: {fileID: 0}
    - target: {fileID: 571555886222938225, guid: 3ce60983a12076847a156e46222dbe0f,
        type: 3}
      propertyPath: m_LocalPosition.x
      value: 0
      objectReference: {fileID: 0}
    - target: {fileID: 571555886222938225, guid: 3ce60983a12076847a156e46222dbe0f,
        type: 3}
      propertyPath: m_LocalPosition.y
      value: 0
      objectReference: {fileID: 0}
    - target: {fileID: 571555886222938225, guid: 3ce60983a12076847a156e46222dbe0f,
        type: 3}
      propertyPath: m_LocalPosition.z
      value: 0
      objectReference: {fileID: 0}
    - target: {fileID: 571555886222938225, guid: 3ce60983a12076847a156e46222dbe0f,
        type: 3}
      propertyPath: m_LocalRotation.x
      value: 0
      objectReference: {fileID: 0}
    - target: {fileID: 571555886222938225, guid: 3ce60983a12076847a156e46222dbe0f,
        type: 3}
      propertyPath: m_LocalRotation.y
      value: 0
      objectReference: {fileID: 0}
    - target: {fileID: 571555886222938225, guid: 3ce60983a12076847a156e46222dbe0f,
        type: 3}
      propertyPath: m_LocalRotation.z
      value: 0
      objectReference: {fileID: 0}
    - target: {fileID: 571555886222938225, guid: 3ce60983a12076847a156e46222dbe0f,
        type: 3}
      propertyPath: m_LocalRotation.w
      value: 1
      objectReference: {fileID: 0}
    - target: {fileID: 571555886222938225, guid: 3ce60983a12076847a156e46222dbe0f,
        type: 3}
      propertyPath: m_RootOrder
      value: 7
      objectReference: {fileID: 0}
    - target: {fileID: 571555886222938225, guid: 3ce60983a12076847a156e46222dbe0f,
        type: 3}
      propertyPath: m_LocalEulerAnglesHint.x
      value: 0
      objectReference: {fileID: 0}
    - target: {fileID: 571555886222938225, guid: 3ce60983a12076847a156e46222dbe0f,
        type: 3}
      propertyPath: m_LocalEulerAnglesHint.y
      value: 0
      objectReference: {fileID: 0}
    - target: {fileID: 571555886222938225, guid: 3ce60983a12076847a156e46222dbe0f,
        type: 3}
      propertyPath: m_LocalEulerAnglesHint.z
      value: 0
      objectReference: {fileID: 0}
    - target: {fileID: 6263501498571643289, guid: 3ce60983a12076847a156e46222dbe0f,
        type: 3}
      propertyPath: animController
      value: 
      objectReference: {fileID: 4768575469217817986}
    m_RemovedComponents: []
  m_SourcePrefab: {fileID: 100100000, guid: 3ce60983a12076847a156e46222dbe0f, type: 3}
--- !u!4 &7038000425451739489 stripped
Transform:
  m_CorrespondingSourceObject: {fileID: 571555886222938225, guid: 3ce60983a12076847a156e46222dbe0f,
    type: 3}
  m_PrefabInstance: {fileID: 7368613662082418960}
  m_PrefabAsset: {fileID: 0}
