%YAML 1.1
%TAG !u! tag:unity3d.com,2011:
--- !u!1 &6742784445872155083
GameObject:
  m_ObjectHideFlags: 0
  m_CorrespondingSourceObject: {fileID: 0}
  m_PrefabInstance: {fileID: 0}
  m_PrefabAsset: {fileID: 0}
  serializedVersion: 6
  m_Component:
  - component: {fileID: 9084314236284133765}
  - component: {fileID: 4652182812749925662}
  m_Layer: 0
  m_Name: GreenAeroTorso
  m_TagString: Untagged
  m_Icon: {fileID: 0}
  m_NavMeshLayer: 0
  m_StaticEditorFlags: 0
  m_IsActive: 1
--- !u!4 &9084314236284133765
Transform:
  m_ObjectHideFlags: 0
  m_CorrespondingSourceObject: {fileID: 0}
  m_PrefabInstance: {fileID: 0}
  m_PrefabAsset: {fileID: 0}
  m_GameObject: {fileID: 6742784445872155083}
  m_LocalRotation: {x: 0, y: 0, z: 0, w: 1}
  m_LocalPosition: {x: 0, y: 0, z: 0}
  m_LocalScale: {x: 0.03, y: 0.03, z: 0.03}
  m_Children:
  - {fileID: 6627100279821136016}
  - {fileID: 8200213347329506235}
  - {fileID: 8710869204119661037}
  - {fileID: 3101834525136587548}
  - {fileID: 6751201749432338920}
  - {fileID: 1226693787447102998}
  - {fileID: 1491739770472193814}
  - {fileID: 1350487249948927124}
  m_Father: {fileID: 0}
  m_RootOrder: 0
  m_LocalEulerAnglesHint: {x: 0, y: 0, z: 0}
--- !u!114 &4652182812749925662
MonoBehaviour:
  m_ObjectHideFlags: 0
  m_CorrespondingSourceObject: {fileID: 0}
  m_PrefabInstance: {fileID: 0}
  m_PrefabAsset: {fileID: 0}
  m_GameObject: {fileID: 6742784445872155083}
  m_Enabled: 1
  m_EditorHideFlags: 0
  m_Script: {fileID: 11500000, guid: aae3ef1e6d0732a4b8dcade7f806737e, type: 3}
  m_Name: 
  m_EditorClassIdentifier: 
  armsAnim: 
  weaponsAnim: 
  walkAnim: 
  changeAnim: 0
  attack: 0
  robot:
    numRobotCreated: 0
    attacks: 
    parts: []
    AnimationArm: []
    AnimationWeapon: []
    blockedObjects: []
    headType: 0
    torsoType: 0
    legsType: 0
    weapon: 0
    debilityKnife: 0
    debilitySword: 0
    debilityGun: 0
    debilityShotgun: 0
    debilityMachineGun: 0
    debilitySniper: 0
    debilityLaser: 0
--- !u!1001 &489144074171713303
PrefabInstance:
  m_ObjectHideFlags: 0
  serializedVersion: 2
  m_Modification:
    m_TransformParent: {fileID: 9084314236284133765}
    m_Modifications:
    - target: {fileID: 9165543950398283790, guid: 8d3f5069aea2d4e4f806f8b5e8c4f1c8,
        type: 3}
      propertyPath: m_Name
      value: green_aero_right_arm
      objectReference: {fileID: 0}
    - target: {fileID: 1331500452150204417, guid: 8d3f5069aea2d4e4f806f8b5e8c4f1c8,
        type: 3}
      propertyPath: m_LocalPosition.x
      value: 0
      objectReference: {fileID: 0}
    - target: {fileID: 1331500452150204417, guid: 8d3f5069aea2d4e4f806f8b5e8c4f1c8,
        type: 3}
      propertyPath: m_LocalPosition.y
      value: 0
      objectReference: {fileID: 0}
    - target: {fileID: 1331500452150204417, guid: 8d3f5069aea2d4e4f806f8b5e8c4f1c8,
        type: 3}
      propertyPath: m_LocalPosition.z
      value: 0
      objectReference: {fileID: 0}
    - target: {fileID: 1331500452150204417, guid: 8d3f5069aea2d4e4f806f8b5e8c4f1c8,
        type: 3}
      propertyPath: m_LocalRotation.x
      value: 0
      objectReference: {fileID: 0}
    - target: {fileID: 1331500452150204417, guid: 8d3f5069aea2d4e4f806f8b5e8c4f1c8,
        type: 3}
      propertyPath: m_LocalRotation.y
      value: 0
      objectReference: {fileID: 0}
    - target: {fileID: 1331500452150204417, guid: 8d3f5069aea2d4e4f806f8b5e8c4f1c8,
        type: 3}
      propertyPath: m_LocalRotation.z
      value: 0
      objectReference: {fileID: 0}
    - target: {fileID: 1331500452150204417, guid: 8d3f5069aea2d4e4f806f8b5e8c4f1c8,
        type: 3}
      propertyPath: m_LocalRotation.w
      value: 1
      objectReference: {fileID: 0}
    - target: {fileID: 1331500452150204417, guid: 8d3f5069aea2d4e4f806f8b5e8c4f1c8,
        type: 3}
      propertyPath: m_RootOrder
      value: 6
      objectReference: {fileID: 0}
    - target: {fileID: 1331500452150204417, guid: 8d3f5069aea2d4e4f806f8b5e8c4f1c8,
        type: 3}
      propertyPath: m_LocalEulerAnglesHint.x
      value: 0
      objectReference: {fileID: 0}
    - target: {fileID: 1331500452150204417, guid: 8d3f5069aea2d4e4f806f8b5e8c4f1c8,
        type: 3}
      propertyPath: m_LocalEulerAnglesHint.y
      value: 0
      objectReference: {fileID: 0}
    - target: {fileID: 1331500452150204417, guid: 8d3f5069aea2d4e4f806f8b5e8c4f1c8,
        type: 3}
      propertyPath: m_LocalEulerAnglesHint.z
      value: 0
      objectReference: {fileID: 0}
    - target: {fileID: 2854099057239418645, guid: 8d3f5069aea2d4e4f806f8b5e8c4f1c8,
        type: 3}
      propertyPath: SortingLayer
      value: RightArm_au
      objectReference: {fileID: 0}
    - target: {fileID: 2854099057239418645, guid: 8d3f5069aea2d4e4f806f8b5e8c4f1c8,
        type: 3}
      propertyPath: animController
      value: 
      objectReference: {fileID: 4652182812749925662}
    - target: {fileID: 3369978949978961999, guid: 8d3f5069aea2d4e4f806f8b5e8c4f1c8,
        type: 3}
      propertyPath: m_LocalRotation.x
      value: 0
      objectReference: {fileID: 0}
    - target: {fileID: 3369978949978961999, guid: 8d3f5069aea2d4e4f806f8b5e8c4f1c8,
        type: 3}
      propertyPath: m_LocalRotation.y
      value: 0
      objectReference: {fileID: 0}
    - target: {fileID: 3369978949978961999, guid: 8d3f5069aea2d4e4f806f8b5e8c4f1c8,
        type: 3}
      propertyPath: m_LocalRotation.z
      value: 0.15422828
      objectReference: {fileID: 0}
    - target: {fileID: 3369978949978961999, guid: 8d3f5069aea2d4e4f806f8b5e8c4f1c8,
        type: 3}
      propertyPath: m_LocalRotation.w
      value: -0.98803526
      objectReference: {fileID: 0}
    - target: {fileID: 3369978949978961999, guid: 8d3f5069aea2d4e4f806f8b5e8c4f1c8,
        type: 3}
      propertyPath: m_LocalPosition.x
      value: -6.4885817
      objectReference: {fileID: 0}
    - target: {fileID: 3369978949978961999, guid: 8d3f5069aea2d4e4f806f8b5e8c4f1c8,
        type: 3}
      propertyPath: m_LocalPosition.y
      value: 3.539224
      objectReference: {fileID: 0}
    - target: {fileID: 7131928010654811841, guid: 8d3f5069aea2d4e4f806f8b5e8c4f1c8,
        type: 3}
      propertyPath: m_LocalRotation.x
      value: 0
      objectReference: {fileID: 0}
    - target: {fileID: 7131928010654811841, guid: 8d3f5069aea2d4e4f806f8b5e8c4f1c8,
        type: 3}
      propertyPath: m_LocalRotation.y
      value: 0
      objectReference: {fileID: 0}
    - target: {fileID: 7131928010654811841, guid: 8d3f5069aea2d4e4f806f8b5e8c4f1c8,
        type: 3}
      propertyPath: m_LocalRotation.z
      value: 0.5939715
      objectReference: {fileID: 0}
    - target: {fileID: 7131928010654811841, guid: 8d3f5069aea2d4e4f806f8b5e8c4f1c8,
        type: 3}
      propertyPath: m_LocalRotation.w
      value: 0.8044861
      objectReference: {fileID: 0}
    - target: {fileID: 7131928010654811841, guid: 8d3f5069aea2d4e4f806f8b5e8c4f1c8,
        type: 3}
      propertyPath: m_LocalPosition.x
      value: -11.908919
      objectReference: {fileID: 0}
    - target: {fileID: 7131928010654811841, guid: 8d3f5069aea2d4e4f806f8b5e8c4f1c8,
        type: 3}
      propertyPath: m_LocalPosition.y
      value: 0.7229103
      objectReference: {fileID: 0}
    - target: {fileID: 5248212978732308791, guid: 8d3f5069aea2d4e4f806f8b5e8c4f1c8,
        type: 3}
      propertyPath: m_LocalRotation.x
      value: 0
      objectReference: {fileID: 0}
    - target: {fileID: 5248212978732308791, guid: 8d3f5069aea2d4e4f806f8b5e8c4f1c8,
        type: 3}
      propertyPath: m_LocalRotation.y
      value: 0
      objectReference: {fileID: 0}
    - target: {fileID: 5248212978732308791, guid: 8d3f5069aea2d4e4f806f8b5e8c4f1c8,
        type: 3}
      propertyPath: m_LocalRotation.z
      value: 0.6235795
      objectReference: {fileID: 0}
    - target: {fileID: 5248212978732308791, guid: 8d3f5069aea2d4e4f806f8b5e8c4f1c8,
        type: 3}
      propertyPath: m_LocalRotation.w
      value: 0.78176
      objectReference: {fileID: 0}
    - target: {fileID: 5248212978732308791, guid: 8d3f5069aea2d4e4f806f8b5e8c4f1c8,
        type: 3}
      propertyPath: m_LocalPosition.x
      value: -10.591266
      objectReference: {fileID: 0}
    - target: {fileID: 5248212978732308791, guid: 8d3f5069aea2d4e4f806f8b5e8c4f1c8,
        type: 3}
      propertyPath: m_LocalPosition.y
      value: 4.797077
      objectReference: {fileID: 0}
    - target: {fileID: 5457316501228511605, guid: 8d3f5069aea2d4e4f806f8b5e8c4f1c8,
        type: 3}
      propertyPath: m_SortingOrder
      value: 2
      objectReference: {fileID: 0}
    - target: {fileID: 5457316501228511605, guid: 8d3f5069aea2d4e4f806f8b5e8c4f1c8,
        type: 3}
      propertyPath: m_Sprite
      value: 
      objectReference: {fileID: 21300000, guid: b51ff57a78b553a419842e400c875a55,
        type: 3}
    - target: {fileID: 5457316501228511605, guid: 8d3f5069aea2d4e4f806f8b5e8c4f1c8,
        type: 3}
      propertyPath: m_Size.x
      value: 2.8
      objectReference: {fileID: 0}
    - target: {fileID: 5457316501228511605, guid: 8d3f5069aea2d4e4f806f8b5e8c4f1c8,
        type: 3}
      propertyPath: m_Size.y
      value: 2.78
      objectReference: {fileID: 0}
    - target: {fileID: 5457316501228511605, guid: 8d3f5069aea2d4e4f806f8b5e8c4f1c8,
        type: 3}
      propertyPath: m_WasSpriteAssigned
      value: 1
      objectReference: {fileID: 0}
    - target: {fileID: 8680790312791371915, guid: 8d3f5069aea2d4e4f806f8b5e8c4f1c8,
        type: 3}
      propertyPath: m_Sprite
      value: 
      objectReference: {fileID: 21300000, guid: 430a71b3ac0ab5542aa5a49817b6f95b,
        type: 3}
    - target: {fileID: 8680790312791371915, guid: 8d3f5069aea2d4e4f806f8b5e8c4f1c8,
        type: 3}
      propertyPath: m_Size.x
      value: 9.15
      objectReference: {fileID: 0}
    - target: {fileID: 8680790312791371915, guid: 8d3f5069aea2d4e4f806f8b5e8c4f1c8,
        type: 3}
      propertyPath: m_Size.y
      value: 1.93
      objectReference: {fileID: 0}
    - target: {fileID: 8680790312791371915, guid: 8d3f5069aea2d4e4f806f8b5e8c4f1c8,
        type: 3}
      propertyPath: m_WasSpriteAssigned
      value: 1
      objectReference: {fileID: 0}
    - target: {fileID: 1226072527326171409, guid: 8d3f5069aea2d4e4f806f8b5e8c4f1c8,
        type: 3}
      propertyPath: m_SortingOrder
      value: 1
      objectReference: {fileID: 0}
    - target: {fileID: 1226072527326171409, guid: 8d3f5069aea2d4e4f806f8b5e8c4f1c8,
        type: 3}
      propertyPath: m_Sprite
      value: 
      objectReference: {fileID: 21300000, guid: 430a71b3ac0ab5542aa5a49817b6f95b,
        type: 3}
    - target: {fileID: 1226072527326171409, guid: 8d3f5069aea2d4e4f806f8b5e8c4f1c8,
        type: 3}
      propertyPath: m_Size.x
      value: 9.15
      objectReference: {fileID: 0}
    - target: {fileID: 1226072527326171409, guid: 8d3f5069aea2d4e4f806f8b5e8c4f1c8,
        type: 3}
      propertyPath: m_Size.y
      value: 1.93
      objectReference: {fileID: 0}
    - target: {fileID: 1226072527326171409, guid: 8d3f5069aea2d4e4f806f8b5e8c4f1c8,
        type: 3}
      propertyPath: m_WasSpriteAssigned
      value: 1
      objectReference: {fileID: 0}
    m_RemovedComponents: []
  m_SourcePrefab: {fileID: 100100000, guid: 8d3f5069aea2d4e4f806f8b5e8c4f1c8, type: 3}
--- !u!4 &1491739770472193814 stripped
Transform:
  m_CorrespondingSourceObject: {fileID: 1331500452150204417, guid: 8d3f5069aea2d4e4f806f8b5e8c4f1c8,
    type: 3}
  m_PrefabInstance: {fileID: 489144074171713303}
  m_PrefabAsset: {fileID: 0}
--- !u!1001 &581020632165387882
PrefabInstance:
  m_ObjectHideFlags: 0
  serializedVersion: 2
  m_Modification:
    m_TransformParent: {fileID: 9084314236284133765}
    m_Modifications:
    - target: {fileID: 8141386204202343673, guid: 5a9a20a8f6411584885875b25331fc98,
        type: 3}
      propertyPath: m_Name
      value: Explosions
      objectReference: {fileID: 0}
    - target: {fileID: 6046086590546411258, guid: 5a9a20a8f6411584885875b25331fc98,
        type: 3}
      propertyPath: m_LocalPosition.x
      value: 0
      objectReference: {fileID: 0}
    - target: {fileID: 6046086590546411258, guid: 5a9a20a8f6411584885875b25331fc98,
        type: 3}
      propertyPath: m_LocalPosition.y
      value: 0
      objectReference: {fileID: 0}
    - target: {fileID: 6046086590546411258, guid: 5a9a20a8f6411584885875b25331fc98,
        type: 3}
      propertyPath: m_LocalPosition.z
      value: 0
      objectReference: {fileID: 0}
    - target: {fileID: 6046086590546411258, guid: 5a9a20a8f6411584885875b25331fc98,
        type: 3}
      propertyPath: m_LocalRotation.x
      value: 0
      objectReference: {fileID: 0}
    - target: {fileID: 6046086590546411258, guid: 5a9a20a8f6411584885875b25331fc98,
        type: 3}
      propertyPath: m_LocalRotation.y
      value: 0
      objectReference: {fileID: 0}
    - target: {fileID: 6046086590546411258, guid: 5a9a20a8f6411584885875b25331fc98,
        type: 3}
      propertyPath: m_LocalRotation.z
      value: 0
      objectReference: {fileID: 0}
    - target: {fileID: 6046086590546411258, guid: 5a9a20a8f6411584885875b25331fc98,
        type: 3}
      propertyPath: m_LocalRotation.w
      value: 1
      objectReference: {fileID: 0}
    - target: {fileID: 6046086590546411258, guid: 5a9a20a8f6411584885875b25331fc98,
        type: 3}
      propertyPath: m_RootOrder
      value: 0
      objectReference: {fileID: 0}
    - target: {fileID: 6046086590546411258, guid: 5a9a20a8f6411584885875b25331fc98,
        type: 3}
      propertyPath: m_LocalEulerAnglesHint.x
      value: 0
      objectReference: {fileID: 0}
    - target: {fileID: 6046086590546411258, guid: 5a9a20a8f6411584885875b25331fc98,
        type: 3}
      propertyPath: m_LocalEulerAnglesHint.y
      value: 0
      objectReference: {fileID: 0}
    - target: {fileID: 6046086590546411258, guid: 5a9a20a8f6411584885875b25331fc98,
        type: 3}
      propertyPath: m_LocalEulerAnglesHint.z
      value: 0
      objectReference: {fileID: 0}
    m_RemovedComponents: []
  m_SourcePrefab: {fileID: 100100000, guid: 5a9a20a8f6411584885875b25331fc98, type: 3}
--- !u!4 &6627100279821136016 stripped
Transform:
  m_CorrespondingSourceObject: {fileID: 6046086590546411258, guid: 5a9a20a8f6411584885875b25331fc98,
    type: 3}
  m_PrefabInstance: {fileID: 581020632165387882}
  m_PrefabAsset: {fileID: 0}
--- !u!1001 &4561864831766247933
PrefabInstance:
  m_ObjectHideFlags: 0
  serializedVersion: 2
  m_Modification:
    m_TransformParent: {fileID: 9084314236284133765}
    m_Modifications:
    - target: {fileID: 1410379775963054663, guid: 6cd55382e959f334fbc09b9a89a94dee,
        type: 3}
      propertyPath: m_Name
      value: green_aero_chest
      objectReference: {fileID: 0}
    - target: {fileID: 1460593402210497249, guid: 6cd55382e959f334fbc09b9a89a94dee,
        type: 3}
      propertyPath: m_LocalPosition.x
      value: 0
      objectReference: {fileID: 0}
    - target: {fileID: 1460593402210497249, guid: 6cd55382e959f334fbc09b9a89a94dee,
        type: 3}
      propertyPath: m_LocalPosition.y
      value: 0
      objectReference: {fileID: 0}
    - target: {fileID: 1460593402210497249, guid: 6cd55382e959f334fbc09b9a89a94dee,
        type: 3}
      propertyPath: m_LocalPosition.z
      value: 0
      objectReference: {fileID: 0}
    - target: {fileID: 1460593402210497249, guid: 6cd55382e959f334fbc09b9a89a94dee,
        type: 3}
      propertyPath: m_LocalRotation.x
      value: 0
      objectReference: {fileID: 0}
    - target: {fileID: 1460593402210497249, guid: 6cd55382e959f334fbc09b9a89a94dee,
        type: 3}
      propertyPath: m_LocalRotation.y
      value: 0
      objectReference: {fileID: 0}
    - target: {fileID: 1460593402210497249, guid: 6cd55382e959f334fbc09b9a89a94dee,
        type: 3}
      propertyPath: m_LocalRotation.z
      value: 0
      objectReference: {fileID: 0}
    - target: {fileID: 1460593402210497249, guid: 6cd55382e959f334fbc09b9a89a94dee,
        type: 3}
      propertyPath: m_LocalRotation.w
      value: 1
      objectReference: {fileID: 0}
    - target: {fileID: 1460593402210497249, guid: 6cd55382e959f334fbc09b9a89a94dee,
        type: 3}
      propertyPath: m_RootOrder
      value: 3
      objectReference: {fileID: 0}
    - target: {fileID: 1460593402210497249, guid: 6cd55382e959f334fbc09b9a89a94dee,
        type: 3}
      propertyPath: m_LocalEulerAnglesHint.x
      value: 0
      objectReference: {fileID: 0}
    - target: {fileID: 1460593402210497249, guid: 6cd55382e959f334fbc09b9a89a94dee,
        type: 3}
      propertyPath: m_LocalEulerAnglesHint.y
      value: 0
      objectReference: {fileID: 0}
    - target: {fileID: 1460593402210497249, guid: 6cd55382e959f334fbc09b9a89a94dee,
        type: 3}
      propertyPath: m_LocalEulerAnglesHint.z
      value: 0
      objectReference: {fileID: 0}
    - target: {fileID: 8248920352389777193, guid: 6cd55382e959f334fbc09b9a89a94dee,
        type: 3}
      propertyPath: SortingLayer
      value: Chest
      objectReference: {fileID: 0}
    - target: {fileID: 8248920352389777193, guid: 6cd55382e959f334fbc09b9a89a94dee,
        type: 3}
      propertyPath: animController
      value: 
      objectReference: {fileID: 4652182812749925662}
    - target: {fileID: 370951284866448, guid: 6cd55382e959f334fbc09b9a89a94dee, type: 3}
      propertyPath: m_LocalRotation.x
      value: 0
      objectReference: {fileID: 0}
    - target: {fileID: 370951284866448, guid: 6cd55382e959f334fbc09b9a89a94dee, type: 3}
      propertyPath: m_LocalRotation.y
      value: 0
      objectReference: {fileID: 0}
    - target: {fileID: 370951284866448, guid: 6cd55382e959f334fbc09b9a89a94dee, type: 3}
      propertyPath: m_LocalRotation.z
      value: 0.055168122
      objectReference: {fileID: 0}
    - target: {fileID: 370951284866448, guid: 6cd55382e959f334fbc09b9a89a94dee, type: 3}
      propertyPath: m_LocalRotation.w
      value: 0.9984771
      objectReference: {fileID: 0}
    - target: {fileID: 370951284866448, guid: 6cd55382e959f334fbc09b9a89a94dee, type: 3}
      propertyPath: m_LocalPosition.x
      value: -0.5217752
      objectReference: {fileID: 0}
    - target: {fileID: 370951284866448, guid: 6cd55382e959f334fbc09b9a89a94dee, type: 3}
      propertyPath: m_LocalPosition.y
      value: 2.288976
      objectReference: {fileID: 0}
    - target: {fileID: 202981751348261796, guid: 6cd55382e959f334fbc09b9a89a94dee,
        type: 3}
      propertyPath: m_LocalPosition.x
      value: -0.38937944
      objectReference: {fileID: 0}
    - target: {fileID: 202981751348261796, guid: 6cd55382e959f334fbc09b9a89a94dee,
        type: 3}
      propertyPath: m_LocalPosition.y
      value: 0.099968016
      objectReference: {fileID: 0}
    - target: {fileID: 2050667657470165520, guid: 6cd55382e959f334fbc09b9a89a94dee,
        type: 3}
      propertyPath: m_Sprite
      value: 
      objectReference: {fileID: 21300000, guid: ef4456a5ac7b4cb4b866a77b0dfdf3b9,
        type: 3}
    - target: {fileID: 2050667657470165520, guid: 6cd55382e959f334fbc09b9a89a94dee,
        type: 3}
      propertyPath: m_Size.x
      value: 8.44
      objectReference: {fileID: 0}
    - target: {fileID: 2050667657470165520, guid: 6cd55382e959f334fbc09b9a89a94dee,
        type: 3}
      propertyPath: m_Size.y
      value: 7.04
      objectReference: {fileID: 0}
    - target: {fileID: 2050667657470165520, guid: 6cd55382e959f334fbc09b9a89a94dee,
        type: 3}
      propertyPath: m_WasSpriteAssigned
      value: 1
      objectReference: {fileID: 0}
    m_RemovedComponents: []
  m_SourcePrefab: {fileID: 100100000, guid: 6cd55382e959f334fbc09b9a89a94dee, type: 3}
--- !u!4 &3101834525136587548 stripped
Transform:
  m_CorrespondingSourceObject: {fileID: 1460593402210497249, guid: 6cd55382e959f334fbc09b9a89a94dee,
    type: 3}
  m_PrefabInstance: {fileID: 4561864831766247933}
  m_PrefabAsset: {fileID: 0}
--- !u!1001 &4686009487337182321
PrefabInstance:
  m_ObjectHideFlags: 0
  serializedVersion: 2
  m_Modification:
    m_TransformParent: {fileID: 9084314236284133765}
    m_Modifications:
    - target: {fileID: 5422393361548967383, guid: 61fef717e008aeb4dba18a1830c62000,
        type: 3}
      propertyPath: m_Name
      value: green_aero_torso_neck
      objectReference: {fileID: 0}
    - target: {fileID: 6031982580536029413, guid: 61fef717e008aeb4dba18a1830c62000,
        type: 3}
      propertyPath: m_LocalPosition.x
      value: 0
      objectReference: {fileID: 0}
    - target: {fileID: 6031982580536029413, guid: 61fef717e008aeb4dba18a1830c62000,
        type: 3}
      propertyPath: m_LocalPosition.y
      value: 0
      objectReference: {fileID: 0}
    - target: {fileID: 6031982580536029413, guid: 61fef717e008aeb4dba18a1830c62000,
        type: 3}
      propertyPath: m_LocalPosition.z
      value: 0
      objectReference: {fileID: 0}
    - target: {fileID: 6031982580536029413, guid: 61fef717e008aeb4dba18a1830c62000,
        type: 3}
      propertyPath: m_LocalRotation.x
      value: 0
      objectReference: {fileID: 0}
    - target: {fileID: 6031982580536029413, guid: 61fef717e008aeb4dba18a1830c62000,
        type: 3}
      propertyPath: m_LocalRotation.y
      value: 0
      objectReference: {fileID: 0}
    - target: {fileID: 6031982580536029413, guid: 61fef717e008aeb4dba18a1830c62000,
        type: 3}
      propertyPath: m_LocalRotation.z
      value: 0
      objectReference: {fileID: 0}
    - target: {fileID: 6031982580536029413, guid: 61fef717e008aeb4dba18a1830c62000,
        type: 3}
      propertyPath: m_LocalRotation.w
      value: 1
      objectReference: {fileID: 0}
    - target: {fileID: 6031982580536029413, guid: 61fef717e008aeb4dba18a1830c62000,
        type: 3}
      propertyPath: m_RootOrder
      value: 7
      objectReference: {fileID: 0}
    - target: {fileID: 6031982580536029413, guid: 61fef717e008aeb4dba18a1830c62000,
        type: 3}
      propertyPath: m_LocalEulerAnglesHint.x
      value: 0
      objectReference: {fileID: 0}
    - target: {fileID: 6031982580536029413, guid: 61fef717e008aeb4dba18a1830c62000,
        type: 3}
      propertyPath: m_LocalEulerAnglesHint.y
      value: 0
      objectReference: {fileID: 0}
    - target: {fileID: 6031982580536029413, guid: 61fef717e008aeb4dba18a1830c62000,
        type: 3}
      propertyPath: m_LocalEulerAnglesHint.z
      value: 0
      objectReference: {fileID: 0}
    - target: {fileID: 8541957526845266782, guid: 61fef717e008aeb4dba18a1830c62000,
        type: 3}
      propertyPath: animController
      value: 
      objectReference: {fileID: 4652182812749925662}
    m_RemovedComponents: []
  m_SourcePrefab: {fileID: 100100000, guid: 61fef717e008aeb4dba18a1830c62000, type: 3}
--- !u!4 &1350487249948927124 stripped
Transform:
  m_CorrespondingSourceObject: {fileID: 6031982580536029413, guid: 61fef717e008aeb4dba18a1830c62000,
    type: 3}
  m_PrefabInstance: {fileID: 4686009487337182321}
  m_PrefabAsset: {fileID: 0}
--- !u!1001 &5114113856838268438
PrefabInstance:
  m_ObjectHideFlags: 0
  serializedVersion: 2
  m_Modification:
    m_TransformParent: {fileID: 9084314236284133765}
    m_Modifications:
    - target: {fileID: 7703478201034695462, guid: dbeb33478f69d8d4ead6944ca2886c95,
        type: 3}
      propertyPath: m_Name
      value: aero_chest_b
      objectReference: {fileID: 0}
    - target: {fileID: 4475384056981118971, guid: dbeb33478f69d8d4ead6944ca2886c95,
        type: 3}
      propertyPath: m_LocalPosition.x
      value: 0
      objectReference: {fileID: 0}
    - target: {fileID: 4475384056981118971, guid: dbeb33478f69d8d4ead6944ca2886c95,
        type: 3}
      propertyPath: m_LocalPosition.y
      value: 0
      objectReference: {fileID: 0}
    - target: {fileID: 4475384056981118971, guid: dbeb33478f69d8d4ead6944ca2886c95,
        type: 3}
      propertyPath: m_LocalPosition.z
      value: 0
      objectReference: {fileID: 0}
    - target: {fileID: 4475384056981118971, guid: dbeb33478f69d8d4ead6944ca2886c95,
        type: 3}
      propertyPath: m_LocalRotation.x
      value: 0
      objectReference: {fileID: 0}
    - target: {fileID: 4475384056981118971, guid: dbeb33478f69d8d4ead6944ca2886c95,
        type: 3}
      propertyPath: m_LocalRotation.y
      value: 0
      objectReference: {fileID: 0}
    - target: {fileID: 4475384056981118971, guid: dbeb33478f69d8d4ead6944ca2886c95,
        type: 3}
      propertyPath: m_LocalRotation.z
      value: 0
      objectReference: {fileID: 0}
    - target: {fileID: 4475384056981118971, guid: dbeb33478f69d8d4ead6944ca2886c95,
        type: 3}
      propertyPath: m_LocalRotation.w
      value: 1
      objectReference: {fileID: 0}
    - target: {fileID: 4475384056981118971, guid: dbeb33478f69d8d4ead6944ca2886c95,
        type: 3}
      propertyPath: m_RootOrder
      value: 2
      objectReference: {fileID: 0}
    - target: {fileID: 4475384056981118971, guid: dbeb33478f69d8d4ead6944ca2886c95,
        type: 3}
      propertyPath: m_LocalEulerAnglesHint.x
      value: 0
      objectReference: {fileID: 0}
    - target: {fileID: 4475384056981118971, guid: dbeb33478f69d8d4ead6944ca2886c95,
        type: 3}
      propertyPath: m_LocalEulerAnglesHint.y
      value: 0
      objectReference: {fileID: 0}
    - target: {fileID: 4475384056981118971, guid: dbeb33478f69d8d4ead6944ca2886c95,
        type: 3}
      propertyPath: m_LocalEulerAnglesHint.z
      value: 0
      objectReference: {fileID: 0}
    - target: {fileID: 4398390938712459157, guid: dbeb33478f69d8d4ead6944ca2886c95,
        type: 3}
      propertyPath: SortingLayer
      value: BackPiece
      objectReference: {fileID: 0}
    - target: {fileID: 4398390938712459157, guid: dbeb33478f69d8d4ead6944ca2886c95,
        type: 3}
      propertyPath: animController
      value: 
      objectReference: {fileID: 4652182812749925662}
    - target: {fileID: 1648706026289060405, guid: dbeb33478f69d8d4ead6944ca2886c95,
        type: 3}
      propertyPath: m_LocalRotation.x
      value: 0
      objectReference: {fileID: 0}
    - target: {fileID: 1648706026289060405, guid: dbeb33478f69d8d4ead6944ca2886c95,
        type: 3}
      propertyPath: m_LocalRotation.y
      value: 0
      objectReference: {fileID: 0}
    - target: {fileID: 1648706026289060405, guid: dbeb33478f69d8d4ead6944ca2886c95,
        type: 3}
      propertyPath: m_LocalRotation.z
      value: 0.055244435
      objectReference: {fileID: 0}
    - target: {fileID: 1648706026289060405, guid: dbeb33478f69d8d4ead6944ca2886c95,
        type: 3}
      propertyPath: m_LocalRotation.w
      value: 0.99847287
      objectReference: {fileID: 0}
    - target: {fileID: 1648706026289060405, guid: dbeb33478f69d8d4ead6944ca2886c95,
        type: 3}
      propertyPath: m_LocalPosition.x
      value: -5.5305037
      objectReference: {fileID: 0}
    - target: {fileID: 1648706026289060405, guid: dbeb33478f69d8d4ead6944ca2886c95,
        type: 3}
      propertyPath: m_LocalPosition.y
      value: 5.361627
      objectReference: {fileID: 0}
    - target: {fileID: 2954392012756233222, guid: dbeb33478f69d8d4ead6944ca2886c95,
        type: 3}
      propertyPath: m_LocalPosition.x
      value: 1.655
      objectReference: {fileID: 0}
    - target: {fileID: 2954392012756233222, guid: dbeb33478f69d8d4ead6944ca2886c95,
        type: 3}
      propertyPath: m_LocalPosition.y
      value: -2.625
      objectReference: {fileID: 0}
    - target: {fileID: 4287944441203647061, guid: dbeb33478f69d8d4ead6944ca2886c95,
        type: 3}
      propertyPath: m_Sprite
      value: 
      objectReference: {fileID: 21300000, guid: 96ef3bac69389454c8fd65d858c887bd,
        type: 3}
    - target: {fileID: 4287944441203647061, guid: dbeb33478f69d8d4ead6944ca2886c95,
        type: 3}
      propertyPath: m_Size.x
      value: 3.31
      objectReference: {fileID: 0}
    - target: {fileID: 4287944441203647061, guid: dbeb33478f69d8d4ead6944ca2886c95,
        type: 3}
      propertyPath: m_Size.y
      value: 5.25
      objectReference: {fileID: 0}
    - target: {fileID: 4287944441203647061, guid: dbeb33478f69d8d4ead6944ca2886c95,
        type: 3}
      propertyPath: m_WasSpriteAssigned
      value: 1
      objectReference: {fileID: 0}
    m_RemovedComponents: []
  m_SourcePrefab: {fileID: 100100000, guid: dbeb33478f69d8d4ead6944ca2886c95, type: 3}
--- !u!4 &8710869204119661037 stripped
Transform:
  m_CorrespondingSourceObject: {fileID: 4475384056981118971, guid: dbeb33478f69d8d4ead6944ca2886c95,
    type: 3}
  m_PrefabInstance: {fileID: 5114113856838268438}
  m_PrefabAsset: {fileID: 0}
--- !u!1001 &6678651931369027542
PrefabInstance:
  m_ObjectHideFlags: 0
  serializedVersion: 2
  m_Modification:
    m_TransformParent: {fileID: 9084314236284133765}
    m_Modifications:
    - target: {fileID: 5315376917106235760, guid: fa32c3f2be1fbf548aba6936b6fb6e4c,
        type: 3}
      propertyPath: m_Name
      value: green_aero_fist
      objectReference: {fileID: 0}
    - target: {fileID: 80572981592669758, guid: fa32c3f2be1fbf548aba6936b6fb6e4c,
        type: 3}
      propertyPath: m_LocalPosition.x
      value: 0
      objectReference: {fileID: 0}
    - target: {fileID: 80572981592669758, guid: fa32c3f2be1fbf548aba6936b6fb6e4c,
        type: 3}
      propertyPath: m_LocalPosition.y
      value: 0
      objectReference: {fileID: 0}
    - target: {fileID: 80572981592669758, guid: fa32c3f2be1fbf548aba6936b6fb6e4c,
        type: 3}
      propertyPath: m_LocalPosition.z
      value: 0
      objectReference: {fileID: 0}
    - target: {fileID: 80572981592669758, guid: fa32c3f2be1fbf548aba6936b6fb6e4c,
        type: 3}
      propertyPath: m_LocalRotation.x
      value: 0
      objectReference: {fileID: 0}
    - target: {fileID: 80572981592669758, guid: fa32c3f2be1fbf548aba6936b6fb6e4c,
        type: 3}
      propertyPath: m_LocalRotation.y
      value: 0
      objectReference: {fileID: 0}
    - target: {fileID: 80572981592669758, guid: fa32c3f2be1fbf548aba6936b6fb6e4c,
        type: 3}
      propertyPath: m_LocalRotation.z
      value: 0
      objectReference: {fileID: 0}
    - target: {fileID: 80572981592669758, guid: fa32c3f2be1fbf548aba6936b6fb6e4c,
        type: 3}
      propertyPath: m_LocalRotation.w
      value: 1
      objectReference: {fileID: 0}
    - target: {fileID: 80572981592669758, guid: fa32c3f2be1fbf548aba6936b6fb6e4c,
        type: 3}
      propertyPath: m_RootOrder
      value: 4
      objectReference: {fileID: 0}
    - target: {fileID: 80572981592669758, guid: fa32c3f2be1fbf548aba6936b6fb6e4c,
        type: 3}
      propertyPath: m_LocalEulerAnglesHint.x
      value: 0
      objectReference: {fileID: 0}
    - target: {fileID: 80572981592669758, guid: fa32c3f2be1fbf548aba6936b6fb6e4c,
        type: 3}
      propertyPath: m_LocalEulerAnglesHint.y
      value: 0
      objectReference: {fileID: 0}
    - target: {fileID: 80572981592669758, guid: fa32c3f2be1fbf548aba6936b6fb6e4c,
        type: 3}
      propertyPath: m_LocalEulerAnglesHint.z
      value: 0
      objectReference: {fileID: 0}
    - target: {fileID: 4893096621915664998, guid: fa32c3f2be1fbf548aba6936b6fb6e4c,
        type: 3}
      propertyPath: SortingLayer
      value: Fists
      objectReference: {fileID: 0}
    - target: {fileID: 4893096621915664998, guid: fa32c3f2be1fbf548aba6936b6fb6e4c,
        type: 3}
      propertyPath: animController
      value: 
      objectReference: {fileID: 4652182812749925662}
    - target: {fileID: 681684360370422364, guid: fa32c3f2be1fbf548aba6936b6fb6e4c,
        type: 3}
      propertyPath: m_LocalRotation.x
      value: 0
      objectReference: {fileID: 0}
    - target: {fileID: 681684360370422364, guid: fa32c3f2be1fbf548aba6936b6fb6e4c,
        type: 3}
      propertyPath: m_LocalRotation.y
      value: 0
      objectReference: {fileID: 0}
    - target: {fileID: 681684360370422364, guid: fa32c3f2be1fbf548aba6936b6fb6e4c,
        type: 3}
      propertyPath: m_LocalRotation.z
      value: 0.09281694
      objectReference: {fileID: 0}
    - target: {fileID: 681684360370422364, guid: fa32c3f2be1fbf548aba6936b6fb6e4c,
        type: 3}
      propertyPath: m_LocalRotation.w
      value: -0.9956832
      objectReference: {fileID: 0}
    - target: {fileID: 681684360370422364, guid: fa32c3f2be1fbf548aba6936b6fb6e4c,
        type: 3}
      propertyPath: m_LocalPosition.x
      value: -13.145076
      objectReference: {fileID: 0}
    - target: {fileID: 681684360370422364, guid: fa32c3f2be1fbf548aba6936b6fb6e4c,
        type: 3}
      propertyPath: m_LocalPosition.y
      value: -3.363402
      objectReference: {fileID: 0}
    - target: {fileID: 7467785080925674301, guid: fa32c3f2be1fbf548aba6936b6fb6e4c,
        type: 3}
      propertyPath: m_LocalPosition.y
      value: -1.1592001
      objectReference: {fileID: 0}
    - target: {fileID: 5143445342016970985, guid: fa32c3f2be1fbf548aba6936b6fb6e4c,
        type: 3}
      propertyPath: m_Sprite
      value: 
      objectReference: {fileID: 21300000, guid: 86bd54258fca8254d84ec51ce3b9ebef,
        type: 3}
    - target: {fileID: 5143445342016970985, guid: fa32c3f2be1fbf548aba6936b6fb6e4c,
        type: 3}
      propertyPath: m_Size.x
      value: 2.68
      objectReference: {fileID: 0}
    - target: {fileID: 5143445342016970985, guid: fa32c3f2be1fbf548aba6936b6fb6e4c,
        type: 3}
      propertyPath: m_Size.y
      value: 3.22
      objectReference: {fileID: 0}
    - target: {fileID: 5143445342016970985, guid: fa32c3f2be1fbf548aba6936b6fb6e4c,
        type: 3}
      propertyPath: m_WasSpriteAssigned
      value: 1
      objectReference: {fileID: 0}
    m_RemovedComponents: []
  m_SourcePrefab: {fileID: 100100000, guid: fa32c3f2be1fbf548aba6936b6fb6e4c, type: 3}
--- !u!4 &6751201749432338920 stripped
Transform:
  m_CorrespondingSourceObject: {fileID: 80572981592669758, guid: fa32c3f2be1fbf548aba6936b6fb6e4c,
    type: 3}
  m_PrefabInstance: {fileID: 6678651931369027542}
  m_PrefabAsset: {fileID: 0}
--- !u!1001 &7195542361327181264
PrefabInstance:
  m_ObjectHideFlags: 0
  serializedVersion: 2
  m_Modification:
    m_TransformParent: {fileID: 9084314236284133765}
    m_Modifications:
    - target: {fileID: 6282003372621390028, guid: 540cd5fab4a2a5d41ae2d6318f051525,
        type: 3}
      propertyPath: m_Name
      value: green_aero_left_arm
      objectReference: {fileID: 0}
    - target: {fileID: 8276952179564614598, guid: 540cd5fab4a2a5d41ae2d6318f051525,
        type: 3}
      propertyPath: m_LocalPosition.x
      value: 0
      objectReference: {fileID: 0}
    - target: {fileID: 8276952179564614598, guid: 540cd5fab4a2a5d41ae2d6318f051525,
        type: 3}
      propertyPath: m_LocalPosition.y
      value: 0
      objectReference: {fileID: 0}
    - target: {fileID: 8276952179564614598, guid: 540cd5fab4a2a5d41ae2d6318f051525,
        type: 3}
      propertyPath: m_LocalPosition.z
      value: 0
      objectReference: {fileID: 0}
    - target: {fileID: 8276952179564614598, guid: 540cd5fab4a2a5d41ae2d6318f051525,
        type: 3}
      propertyPath: m_LocalRotation.x
      value: 0
      objectReference: {fileID: 0}
    - target: {fileID: 8276952179564614598, guid: 540cd5fab4a2a5d41ae2d6318f051525,
        type: 3}
      propertyPath: m_LocalRotation.y
      value: 0
      objectReference: {fileID: 0}
    - target: {fileID: 8276952179564614598, guid: 540cd5fab4a2a5d41ae2d6318f051525,
        type: 3}
      propertyPath: m_LocalRotation.z
      value: 0
      objectReference: {fileID: 0}
    - target: {fileID: 8276952179564614598, guid: 540cd5fab4a2a5d41ae2d6318f051525,
        type: 3}
      propertyPath: m_LocalRotation.w
      value: 1
      objectReference: {fileID: 0}
    - target: {fileID: 8276952179564614598, guid: 540cd5fab4a2a5d41ae2d6318f051525,
        type: 3}
      propertyPath: m_RootOrder
      value: 5
      objectReference: {fileID: 0}
    - target: {fileID: 8276952179564614598, guid: 540cd5fab4a2a5d41ae2d6318f051525,
        type: 3}
      propertyPath: m_LocalEulerAnglesHint.x
      value: 0
      objectReference: {fileID: 0}
    - target: {fileID: 8276952179564614598, guid: 540cd5fab4a2a5d41ae2d6318f051525,
        type: 3}
      propertyPath: m_LocalEulerAnglesHint.y
      value: 0
      objectReference: {fileID: 0}
    - target: {fileID: 8276952179564614598, guid: 540cd5fab4a2a5d41ae2d6318f051525,
        type: 3}
      propertyPath: m_LocalEulerAnglesHint.z
      value: 0
      objectReference: {fileID: 0}
    - target: {fileID: 6023034390016357987, guid: 540cd5fab4a2a5d41ae2d6318f051525,
        type: 3}
      propertyPath: SortingLayer
      value: LeftArm
      objectReference: {fileID: 0}
    - target: {fileID: 6023034390016357987, guid: 540cd5fab4a2a5d41ae2d6318f051525,
        type: 3}
      propertyPath: animController
      value: 
      objectReference: {fileID: 4652182812749925662}
    - target: {fileID: 3813487886337426027, guid: 540cd5fab4a2a5d41ae2d6318f051525,
        type: 3}
      propertyPath: m_LocalRotation.x
      value: 0
      objectReference: {fileID: 0}
    - target: {fileID: 3813487886337426027, guid: 540cd5fab4a2a5d41ae2d6318f051525,
        type: 3}
      propertyPath: m_LocalRotation.y
      value: 0
      objectReference: {fileID: 0}
    - target: {fileID: 3813487886337426027, guid: 540cd5fab4a2a5d41ae2d6318f051525,
        type: 3}
      propertyPath: m_LocalRotation.z
      value: 0.5254125
      objectReference: {fileID: 0}
    - target: {fileID: 3813487886337426027, guid: 540cd5fab4a2a5d41ae2d6318f051525,
        type: 3}
      propertyPath: m_LocalRotation.w
      value: 0.85084766
      objectReference: {fileID: 0}
    - target: {fileID: 3813487886337426027, guid: 540cd5fab4a2a5d41ae2d6318f051525,
        type: 3}
      propertyPath: m_LocalPosition.x
      value: 11.983312
      objectReference: {fileID: 0}
    - target: {fileID: 3813487886337426027, guid: 540cd5fab4a2a5d41ae2d6318f051525,
        type: 3}
      propertyPath: m_LocalPosition.y
      value: 1.474385
      objectReference: {fileID: 0}
    - target: {fileID: 7861557385967877758, guid: 540cd5fab4a2a5d41ae2d6318f051525,
        type: 3}
      propertyPath: m_LocalRotation.x
      value: 0
      objectReference: {fileID: 0}
    - target: {fileID: 7861557385967877758, guid: 540cd5fab4a2a5d41ae2d6318f051525,
        type: 3}
      propertyPath: m_LocalRotation.y
      value: 0
      objectReference: {fileID: 0}
    - target: {fileID: 7861557385967877758, guid: 540cd5fab4a2a5d41ae2d6318f051525,
        type: 3}
      propertyPath: m_LocalRotation.z
      value: 0.28736097
      objectReference: {fileID: 0}
    - target: {fileID: 7861557385967877758, guid: 540cd5fab4a2a5d41ae2d6318f051525,
        type: 3}
      propertyPath: m_LocalRotation.w
      value: -0.9578224
      objectReference: {fileID: 0}
    - target: {fileID: 7861557385967877758, guid: 540cd5fab4a2a5d41ae2d6318f051525,
        type: 3}
      propertyPath: m_LocalPosition.x
      value: 5.921298
      objectReference: {fileID: 0}
    - target: {fileID: 7861557385967877758, guid: 540cd5fab4a2a5d41ae2d6318f051525,
        type: 3}
      propertyPath: m_LocalPosition.y
      value: 0.08565769
      objectReference: {fileID: 0}
    - target: {fileID: 3500437637001036358, guid: 540cd5fab4a2a5d41ae2d6318f051525,
        type: 3}
      propertyPath: m_LocalRotation.x
      value: 0
      objectReference: {fileID: 0}
    - target: {fileID: 3500437637001036358, guid: 540cd5fab4a2a5d41ae2d6318f051525,
        type: 3}
      propertyPath: m_LocalRotation.y
      value: 0
      objectReference: {fileID: 0}
    - target: {fileID: 3500437637001036358, guid: 540cd5fab4a2a5d41ae2d6318f051525,
        type: 3}
      propertyPath: m_LocalRotation.z
      value: 0.867802
      objectReference: {fileID: 0}
    - target: {fileID: 3500437637001036358, guid: 540cd5fab4a2a5d41ae2d6318f051525,
        type: 3}
      propertyPath: m_LocalRotation.w
      value: -0.49691007
      objectReference: {fileID: 0}
    - target: {fileID: 3500437637001036358, guid: 540cd5fab4a2a5d41ae2d6318f051525,
        type: 3}
      propertyPath: m_LocalPosition.x
      value: 9.962615
      objectReference: {fileID: 0}
    - target: {fileID: 3500437637001036358, guid: 540cd5fab4a2a5d41ae2d6318f051525,
        type: 3}
      propertyPath: m_LocalPosition.y
      value: -2.631827
      objectReference: {fileID: 0}
    - target: {fileID: 3643971071266502710, guid: 540cd5fab4a2a5d41ae2d6318f051525,
        type: 3}
      propertyPath: m_LocalRotation.x
      value: 0
      objectReference: {fileID: 0}
    - target: {fileID: 3643971071266502710, guid: 540cd5fab4a2a5d41ae2d6318f051525,
        type: 3}
      propertyPath: m_LocalRotation.y
      value: 0
      objectReference: {fileID: 0}
    - target: {fileID: 3643971071266502710, guid: 540cd5fab4a2a5d41ae2d6318f051525,
        type: 3}
      propertyPath: m_LocalRotation.z
      value: 0.9693032
      objectReference: {fileID: 0}
    - target: {fileID: 3643971071266502710, guid: 540cd5fab4a2a5d41ae2d6318f051525,
        type: 3}
      propertyPath: m_LocalRotation.w
      value: 0.24586856
      objectReference: {fileID: 0}
    - target: {fileID: 3643971071266502710, guid: 540cd5fab4a2a5d41ae2d6318f051525,
        type: 3}
      propertyPath: m_LocalPosition.x
      value: 13.775099
      objectReference: {fileID: 0}
    - target: {fileID: 3643971071266502710, guid: 540cd5fab4a2a5d41ae2d6318f051525,
        type: 3}
      propertyPath: m_LocalPosition.y
      value: 5.0172286
      objectReference: {fileID: 0}
    - target: {fileID: 8279447549167432448, guid: 540cd5fab4a2a5d41ae2d6318f051525,
        type: 3}
      propertyPath: m_LocalScale.x
      value: 1.0000005
      objectReference: {fileID: 0}
    - target: {fileID: 606019410713532748, guid: 540cd5fab4a2a5d41ae2d6318f051525,
        type: 3}
      propertyPath: m_LocalScale.x
      value: 0.9999994
      objectReference: {fileID: 0}
    - target: {fileID: 39938249149696261, guid: 540cd5fab4a2a5d41ae2d6318f051525,
        type: 3}
      propertyPath: m_LocalScale.x
      value: 0.9999994
      objectReference: {fileID: 0}
    - target: {fileID: 8749252637677773816, guid: 540cd5fab4a2a5d41ae2d6318f051525,
        type: 3}
      propertyPath: m_LocalPosition.y
      value: -1.1592001
      objectReference: {fileID: 0}
    - target: {fileID: 8749252637677773816, guid: 540cd5fab4a2a5d41ae2d6318f051525,
        type: 3}
      propertyPath: m_LocalScale.x
      value: 1.0000005
      objectReference: {fileID: 0}
    - target: {fileID: 3185692678351381560, guid: 540cd5fab4a2a5d41ae2d6318f051525,
        type: 3}
      propertyPath: m_SortingOrder
      value: 3
      objectReference: {fileID: 0}
    - target: {fileID: 3185692678351381560, guid: 540cd5fab4a2a5d41ae2d6318f051525,
        type: 3}
      propertyPath: m_Sprite
      value: 
      objectReference: {fileID: 21300000, guid: 86bd54258fca8254d84ec51ce3b9ebef,
        type: 3}
    - target: {fileID: 3185692678351381560, guid: 540cd5fab4a2a5d41ae2d6318f051525,
        type: 3}
      propertyPath: m_Size.x
      value: 2.68
      objectReference: {fileID: 0}
    - target: {fileID: 3185692678351381560, guid: 540cd5fab4a2a5d41ae2d6318f051525,
        type: 3}
      propertyPath: m_Size.y
      value: 3.22
      objectReference: {fileID: 0}
    - target: {fileID: 3185692678351381560, guid: 540cd5fab4a2a5d41ae2d6318f051525,
        type: 3}
      propertyPath: m_WasSpriteAssigned
      value: 1
      objectReference: {fileID: 0}
    - target: {fileID: 6715811133111676593, guid: 540cd5fab4a2a5d41ae2d6318f051525,
        type: 3}
      propertyPath: m_Sprite
      value: 
      objectReference: {fileID: 21300000, guid: 430a71b3ac0ab5542aa5a49817b6f95b,
        type: 3}
    - target: {fileID: 6715811133111676593, guid: 540cd5fab4a2a5d41ae2d6318f051525,
        type: 3}
      propertyPath: m_Size.x
      value: 9.15
      objectReference: {fileID: 0}
    - target: {fileID: 6715811133111676593, guid: 540cd5fab4a2a5d41ae2d6318f051525,
        type: 3}
      propertyPath: m_Size.y
      value: 1.93
      objectReference: {fileID: 0}
    - target: {fileID: 6715811133111676593, guid: 540cd5fab4a2a5d41ae2d6318f051525,
        type: 3}
      propertyPath: m_WasSpriteAssigned
      value: 1
      objectReference: {fileID: 0}
    - target: {fileID: 5220405523981918344, guid: 540cd5fab4a2a5d41ae2d6318f051525,
        type: 3}
      propertyPath: m_SortingOrder
      value: 1
      objectReference: {fileID: 0}
    - target: {fileID: 5220405523981918344, guid: 540cd5fab4a2a5d41ae2d6318f051525,
        type: 3}
      propertyPath: m_Sprite
      value: 
      objectReference: {fileID: 21300000, guid: 430a71b3ac0ab5542aa5a49817b6f95b,
        type: 3}
    - target: {fileID: 5220405523981918344, guid: 540cd5fab4a2a5d41ae2d6318f051525,
        type: 3}
      propertyPath: m_Size.x
      value: 9.15
      objectReference: {fileID: 0}
    - target: {fileID: 5220405523981918344, guid: 540cd5fab4a2a5d41ae2d6318f051525,
        type: 3}
      propertyPath: m_Size.y
      value: 1.93
      objectReference: {fileID: 0}
    - target: {fileID: 5220405523981918344, guid: 540cd5fab4a2a5d41ae2d6318f051525,
        type: 3}
      propertyPath: m_WasSpriteAssigned
      value: 1
      objectReference: {fileID: 0}
    - target: {fileID: 1515375768563826733, guid: 540cd5fab4a2a5d41ae2d6318f051525,
        type: 3}
      propertyPath: m_SortingOrder
      value: 2
      objectReference: {fileID: 0}
    - target: {fileID: 1515375768563826733, guid: 540cd5fab4a2a5d41ae2d6318f051525,
        type: 3}
      propertyPath: m_Sprite
      value: 
      objectReference: {fileID: 21300000, guid: b51ff57a78b553a419842e400c875a55,
        type: 3}
    - target: {fileID: 1515375768563826733, guid: 540cd5fab4a2a5d41ae2d6318f051525,
        type: 3}
      propertyPath: m_Size.x
      value: 2.8
      objectReference: {fileID: 0}
    - target: {fileID: 1515375768563826733, guid: 540cd5fab4a2a5d41ae2d6318f051525,
        type: 3}
      propertyPath: m_Size.y
      value: 2.78
      objectReference: {fileID: 0}
    - target: {fileID: 1515375768563826733, guid: 540cd5fab4a2a5d41ae2d6318f051525,
        type: 3}
      propertyPath: m_WasSpriteAssigned
      value: 1
      objectReference: {fileID: 0}
    m_RemovedComponents: []
  m_SourcePrefab: {fileID: 100100000, guid: 540cd5fab4a2a5d41ae2d6318f051525, type: 3}
--- !u!4 &1226693787447102998 stripped
Transform:
  m_CorrespondingSourceObject: {fileID: 8276952179564614598, guid: 540cd5fab4a2a5d41ae2d6318f051525,
    type: 3}
  m_PrefabInstance: {fileID: 7195542361327181264}
  m_PrefabAsset: {fileID: 0}
--- !u!1001 &8512807816076454858
PrefabInstance:
  m_ObjectHideFlags: 0
  serializedVersion: 2
  m_Modification:
    m_TransformParent: {fileID: 9084314236284133765}
    m_Modifications:
    - target: {fileID: 2933014848184420768, guid: 3ce60983a12076847a156e46222dbe0f,
        type: 3}
      propertyPath: m_Name
      value: aero_weapon
      objectReference: {fileID: 0}
    - target: {fileID: 571555886222938225, guid: 3ce60983a12076847a156e46222dbe0f,
        type: 3}
      propertyPath: m_LocalPosition.x
      value: 0
      objectReference: {fileID: 0}
    - target: {fileID: 571555886222938225, guid: 3ce60983a12076847a156e46222dbe0f,
        type: 3}
      propertyPath: m_LocalPosition.y
      value: 0
      objectReference: {fileID: 0}
    - target: {fileID: 571555886222938225, guid: 3ce60983a12076847a156e46222dbe0f,
        type: 3}
      propertyPath: m_LocalPosition.z
      value: 0
      objectReference: {fileID: 0}
    - target: {fileID: 571555886222938225, guid: 3ce60983a12076847a156e46222dbe0f,
        type: 3}
      propertyPath: m_LocalRotation.x
      value: 0
      objectReference: {fileID: 0}
    - target: {fileID: 571555886222938225, guid: 3ce60983a12076847a156e46222dbe0f,
        type: 3}
      propertyPath: m_LocalRotation.y
      value: 0
      objectReference: {fileID: 0}
    - target: {fileID: 571555886222938225, guid: 3ce60983a12076847a156e46222dbe0f,
        type: 3}
      propertyPath: m_LocalRotation.z
      value: 0
      objectReference: {fileID: 0}
    - target: {fileID: 571555886222938225, guid: 3ce60983a12076847a156e46222dbe0f,
        type: 3}
      propertyPath: m_LocalRotation.w
      value: 1
      objectReference: {fileID: 0}
    - target: {fileID: 571555886222938225, guid: 3ce60983a12076847a156e46222dbe0f,
        type: 3}
      propertyPath: m_RootOrder
      value: 1
      objectReference: {fileID: 0}
    - target: {fileID: 571555886222938225, guid: 3ce60983a12076847a156e46222dbe0f,
        type: 3}
      propertyPath: m_LocalEulerAnglesHint.x
      value: 0
      objectReference: {fileID: 0}
    - target: {fileID: 571555886222938225, guid: 3ce60983a12076847a156e46222dbe0f,
        type: 3}
      propertyPath: m_LocalEulerAnglesHint.y
      value: 0
      objectReference: {fileID: 0}
    - target: {fileID: 571555886222938225, guid: 3ce60983a12076847a156e46222dbe0f,
        type: 3}
      propertyPath: m_LocalEulerAnglesHint.z
      value: 0
      objectReference: {fileID: 0}
    - target: {fileID: 6263501498571643289, guid: 3ce60983a12076847a156e46222dbe0f,
        type: 3}
      propertyPath: animController
      value: 
      objectReference: {fileID: 4652182812749925662}
    m_RemovedComponents: []
  m_SourcePrefab: {fileID: 100100000, guid: 3ce60983a12076847a156e46222dbe0f, type: 3}
--- !u!4 &8200213347329506235 stripped
Transform:
  m_CorrespondingSourceObject: {fileID: 571555886222938225, guid: 3ce60983a12076847a156e46222dbe0f,
    type: 3}
  m_PrefabInstance: {fileID: 8512807816076454858}
  m_PrefabAsset: {fileID: 0}
