%YAML 1.1
%TAG !u! tag:unity3d.com,2011:
--- !u!1 &2941759623436377479
GameObject:
  m_ObjectHideFlags: 0
  m_CorrespondingSourceObject: {fileID: 0}
  m_PrefabInstance: {fileID: 0}
  m_PrefabAsset: {fileID: 0}
  serializedVersion: 6
  m_Component:
  - component: {fileID: 4899070351410813047}
  - component: {fileID: 6177533451913741185}
  m_Layer: 0
  m_Name: TorsoVioletUfo
  m_TagString: Untagged
  m_Icon: {fileID: 0}
  m_NavMeshLayer: 0
  m_StaticEditorFlags: 0
  m_IsActive: 1
--- !u!4 &4899070351410813047
Transform:
  m_ObjectHideFlags: 0
  m_CorrespondingSourceObject: {fileID: 0}
  m_PrefabInstance: {fileID: 0}
  m_PrefabAsset: {fileID: 0}
  m_GameObject: {fileID: 2941759623436377479}
  m_LocalRotation: {x: 0, y: 0, z: 0, w: 1}
  m_LocalPosition: {x: 0, y: 0, z: 0}
  m_LocalScale: {x: 1, y: 1, z: 1}
  m_Children:
  - {fileID: 3023335767809863000}
  - {fileID: 6920061048766451680}
  - {fileID: 5601609409078188970}
  - {fileID: 1270889749926235049}
  - {fileID: 7740207805160455882}
  - {fileID: 4912330039833138793}
  - {fileID: 8670984918071829832}
  m_Father: {fileID: 0}
  m_RootOrder: 0
  m_LocalEulerAnglesHint: {x: 0, y: 0, z: 0}
--- !u!114 &6177533451913741185
MonoBehaviour:
  m_ObjectHideFlags: 0
  m_CorrespondingSourceObject: {fileID: 0}
  m_PrefabInstance: {fileID: 0}
  m_PrefabAsset: {fileID: 0}
  m_GameObject: {fileID: 2941759623436377479}
  m_Enabled: 1
  m_EditorHideFlags: 0
  m_Script: {fileID: 11500000, guid: aae3ef1e6d0732a4b8dcade7f806737e, type: 3}
  m_Name: 
  m_EditorClassIdentifier: 
  armsAnim: 
  weaponsAnim: 
  walkAnim: 
  changeAnim: 0
  attack: 0
  robot:
    numRobotCreated: 0
    attacks: 
    parts: []
    AnimationArm: []
    AnimationWeapon: []
    blockedObjects: []
    headType: 0
    torsoType: 0
    legsType: 0
    weapon: 0
    debilityKnife: 0
    debilitySword: 0
    debilityGun: 0
    debilityShotgun: 0
    debilityMachineGun: 0
    debilitySniper: 0
    debilityLaser: 0
--- !u!1001 &957289135571886928
PrefabInstance:
  m_ObjectHideFlags: 0
  serializedVersion: 2
  m_Modification:
    m_TransformParent: {fileID: 4899070351410813047}
    m_Modifications:
    - target: {fileID: 661035138387786955, guid: 29c65fec35b990041b5052a3a3ba84ce,
        type: 3}
      propertyPath: m_Name
      value: violet_ufo_right_arm
      objectReference: {fileID: 0}
    - target: {fileID: 5288601729051817273, guid: 29c65fec35b990041b5052a3a3ba84ce,
        type: 3}
      propertyPath: m_LocalPosition.x
      value: 0
      objectReference: {fileID: 0}
    - target: {fileID: 5288601729051817273, guid: 29c65fec35b990041b5052a3a3ba84ce,
        type: 3}
      propertyPath: m_LocalPosition.y
      value: 0
      objectReference: {fileID: 0}
    - target: {fileID: 5288601729051817273, guid: 29c65fec35b990041b5052a3a3ba84ce,
        type: 3}
      propertyPath: m_LocalPosition.z
      value: 0
      objectReference: {fileID: 0}
    - target: {fileID: 5288601729051817273, guid: 29c65fec35b990041b5052a3a3ba84ce,
        type: 3}
      propertyPath: m_LocalRotation.x
      value: 0
      objectReference: {fileID: 0}
    - target: {fileID: 5288601729051817273, guid: 29c65fec35b990041b5052a3a3ba84ce,
        type: 3}
      propertyPath: m_LocalRotation.y
      value: 0
      objectReference: {fileID: 0}
    - target: {fileID: 5288601729051817273, guid: 29c65fec35b990041b5052a3a3ba84ce,
        type: 3}
      propertyPath: m_LocalRotation.z
      value: 0
      objectReference: {fileID: 0}
    - target: {fileID: 5288601729051817273, guid: 29c65fec35b990041b5052a3a3ba84ce,
        type: 3}
      propertyPath: m_LocalRotation.w
      value: 1
      objectReference: {fileID: 0}
    - target: {fileID: 5288601729051817273, guid: 29c65fec35b990041b5052a3a3ba84ce,
        type: 3}
      propertyPath: m_RootOrder
      value: 5
      objectReference: {fileID: 0}
    - target: {fileID: 5288601729051817273, guid: 29c65fec35b990041b5052a3a3ba84ce,
        type: 3}
      propertyPath: m_LocalEulerAnglesHint.x
      value: 0
      objectReference: {fileID: 0}
    - target: {fileID: 5288601729051817273, guid: 29c65fec35b990041b5052a3a3ba84ce,
        type: 3}
      propertyPath: m_LocalEulerAnglesHint.y
      value: 0
      objectReference: {fileID: 0}
    - target: {fileID: 5288601729051817273, guid: 29c65fec35b990041b5052a3a3ba84ce,
        type: 3}
      propertyPath: m_LocalEulerAnglesHint.z
      value: 0
      objectReference: {fileID: 0}
    m_RemovedComponents: []
  m_SourcePrefab: {fileID: 100100000, guid: 29c65fec35b990041b5052a3a3ba84ce, type: 3}
--- !u!4 &4912330039833138793 stripped
Transform:
  m_CorrespondingSourceObject: {fileID: 5288601729051817273, guid: 29c65fec35b990041b5052a3a3ba84ce,
    type: 3}
  m_PrefabInstance: {fileID: 957289135571886928}
  m_PrefabAsset: {fileID: 0}
--- !u!1001 &1331152630674509453
PrefabInstance:
  m_ObjectHideFlags: 0
  serializedVersion: 2
  m_Modification:
    m_TransformParent: {fileID: 4899070351410813047}
    m_Modifications:
    - target: {fileID: 7153765760060316726, guid: 71439a67b362f1d499d3b2c328989e8f,
        type: 3}
      propertyPath: m_Name
      value: violet_ufo_neck_torso
      objectReference: {fileID: 0}
    - target: {fileID: 7650686217253465029, guid: 71439a67b362f1d499d3b2c328989e8f,
        type: 3}
      propertyPath: m_LocalPosition.x
      value: 0
      objectReference: {fileID: 0}
    - target: {fileID: 7650686217253465029, guid: 71439a67b362f1d499d3b2c328989e8f,
        type: 3}
      propertyPath: m_LocalPosition.y
      value: 0
      objectReference: {fileID: 0}
    - target: {fileID: 7650686217253465029, guid: 71439a67b362f1d499d3b2c328989e8f,
        type: 3}
      propertyPath: m_LocalPosition.z
      value: 0
      objectReference: {fileID: 0}
    - target: {fileID: 7650686217253465029, guid: 71439a67b362f1d499d3b2c328989e8f,
        type: 3}
      propertyPath: m_LocalRotation.x
      value: 0
      objectReference: {fileID: 0}
    - target: {fileID: 7650686217253465029, guid: 71439a67b362f1d499d3b2c328989e8f,
        type: 3}
      propertyPath: m_LocalRotation.y
      value: 0
      objectReference: {fileID: 0}
    - target: {fileID: 7650686217253465029, guid: 71439a67b362f1d499d3b2c328989e8f,
        type: 3}
      propertyPath: m_LocalRotation.z
      value: 0
      objectReference: {fileID: 0}
    - target: {fileID: 7650686217253465029, guid: 71439a67b362f1d499d3b2c328989e8f,
        type: 3}
      propertyPath: m_LocalRotation.w
      value: 1
      objectReference: {fileID: 0}
    - target: {fileID: 7650686217253465029, guid: 71439a67b362f1d499d3b2c328989e8f,
        type: 3}
      propertyPath: m_RootOrder
      value: 6
      objectReference: {fileID: 0}
    - target: {fileID: 7650686217253465029, guid: 71439a67b362f1d499d3b2c328989e8f,
        type: 3}
      propertyPath: m_LocalEulerAnglesHint.x
      value: 0
      objectReference: {fileID: 0}
    - target: {fileID: 7650686217253465029, guid: 71439a67b362f1d499d3b2c328989e8f,
        type: 3}
      propertyPath: m_LocalEulerAnglesHint.y
      value: 0
      objectReference: {fileID: 0}
    - target: {fileID: 7650686217253465029, guid: 71439a67b362f1d499d3b2c328989e8f,
        type: 3}
      propertyPath: m_LocalEulerAnglesHint.z
      value: 0
      objectReference: {fileID: 0}
    m_RemovedComponents: []
  m_SourcePrefab: {fileID: 100100000, guid: 71439a67b362f1d499d3b2c328989e8f, type: 3}
--- !u!4 &8670984918071829832 stripped
Transform:
  m_CorrespondingSourceObject: {fileID: 7650686217253465029, guid: 71439a67b362f1d499d3b2c328989e8f,
    type: 3}
  m_PrefabInstance: {fileID: 1331152630674509453}
  m_PrefabAsset: {fileID: 0}
--- !u!1001 &3521520001785196266
PrefabInstance:
  m_ObjectHideFlags: 0
  serializedVersion: 2
  m_Modification:
    m_TransformParent: {fileID: 4899070351410813047}
    m_Modifications:
    - target: {fileID: 8744921397644215012, guid: 502b168bc233d1a4f9922105c0088907,
        type: 3}
      propertyPath: m_Name
      value: ufo_weapons
      objectReference: {fileID: 0}
    - target: {fileID: 5824857550761959690, guid: 502b168bc233d1a4f9922105c0088907,
        type: 3}
      propertyPath: m_LocalPosition.x
      value: 0
      objectReference: {fileID: 0}
    - target: {fileID: 5824857550761959690, guid: 502b168bc233d1a4f9922105c0088907,
        type: 3}
      propertyPath: m_LocalPosition.y
      value: 0
      objectReference: {fileID: 0}
    - target: {fileID: 5824857550761959690, guid: 502b168bc233d1a4f9922105c0088907,
        type: 3}
      propertyPath: m_LocalPosition.z
      value: 0
      objectReference: {fileID: 0}
    - target: {fileID: 5824857550761959690, guid: 502b168bc233d1a4f9922105c0088907,
        type: 3}
      propertyPath: m_LocalRotation.x
      value: 0
      objectReference: {fileID: 0}
    - target: {fileID: 5824857550761959690, guid: 502b168bc233d1a4f9922105c0088907,
        type: 3}
      propertyPath: m_LocalRotation.y
      value: 0
      objectReference: {fileID: 0}
    - target: {fileID: 5824857550761959690, guid: 502b168bc233d1a4f9922105c0088907,
        type: 3}
      propertyPath: m_LocalRotation.z
      value: 0
      objectReference: {fileID: 0}
    - target: {fileID: 5824857550761959690, guid: 502b168bc233d1a4f9922105c0088907,
        type: 3}
      propertyPath: m_LocalRotation.w
      value: 1
      objectReference: {fileID: 0}
    - target: {fileID: 5824857550761959690, guid: 502b168bc233d1a4f9922105c0088907,
        type: 3}
      propertyPath: m_RootOrder
      value: 1
      objectReference: {fileID: 0}
    - target: {fileID: 5824857550761959690, guid: 502b168bc233d1a4f9922105c0088907,
        type: 3}
      propertyPath: m_LocalEulerAnglesHint.x
      value: 0
      objectReference: {fileID: 0}
    - target: {fileID: 5824857550761959690, guid: 502b168bc233d1a4f9922105c0088907,
        type: 3}
      propertyPath: m_LocalEulerAnglesHint.y
      value: 0
      objectReference: {fileID: 0}
    - target: {fileID: 5824857550761959690, guid: 502b168bc233d1a4f9922105c0088907,
        type: 3}
      propertyPath: m_LocalEulerAnglesHint.z
      value: 0
      objectReference: {fileID: 0}
    m_RemovedComponents: []
  m_SourcePrefab: {fileID: 100100000, guid: 502b168bc233d1a4f9922105c0088907, type: 3}
--- !u!4 &6920061048766451680 stripped
Transform:
  m_CorrespondingSourceObject: {fileID: 5824857550761959690, guid: 502b168bc233d1a4f9922105c0088907,
    type: 3}
  m_PrefabInstance: {fileID: 3521520001785196266}
  m_PrefabAsset: {fileID: 0}
--- !u!1001 &4451699409046545564
PrefabInstance:
  m_ObjectHideFlags: 0
  serializedVersion: 2
  m_Modification:
    m_TransformParent: {fileID: 4899070351410813047}
    m_Modifications:
    - target: {fileID: 2662997946600212332, guid: 90f9e4b3ac8ae7a4e8ecc91f6905e67d,
        type: 3}
      propertyPath: m_Name
      value: violet_ufo_fist
      objectReference: {fileID: 0}
    - target: {fileID: 3198829488481824565, guid: 90f9e4b3ac8ae7a4e8ecc91f6905e67d,
        type: 3}
      propertyPath: m_LocalPosition.x
      value: 0
      objectReference: {fileID: 0}
    - target: {fileID: 3198829488481824565, guid: 90f9e4b3ac8ae7a4e8ecc91f6905e67d,
        type: 3}
      propertyPath: m_LocalPosition.y
      value: 0
      objectReference: {fileID: 0}
    - target: {fileID: 3198829488481824565, guid: 90f9e4b3ac8ae7a4e8ecc91f6905e67d,
        type: 3}
      propertyPath: m_LocalPosition.z
      value: 0
      objectReference: {fileID: 0}
    - target: {fileID: 3198829488481824565, guid: 90f9e4b3ac8ae7a4e8ecc91f6905e67d,
        type: 3}
      propertyPath: m_LocalRotation.x
      value: 0
      objectReference: {fileID: 0}
    - target: {fileID: 3198829488481824565, guid: 90f9e4b3ac8ae7a4e8ecc91f6905e67d,
        type: 3}
      propertyPath: m_LocalRotation.y
      value: 0
      objectReference: {fileID: 0}
    - target: {fileID: 3198829488481824565, guid: 90f9e4b3ac8ae7a4e8ecc91f6905e67d,
        type: 3}
      propertyPath: m_LocalRotation.z
      value: 0
      objectReference: {fileID: 0}
    - target: {fileID: 3198829488481824565, guid: 90f9e4b3ac8ae7a4e8ecc91f6905e67d,
        type: 3}
      propertyPath: m_LocalRotation.w
      value: 1
      objectReference: {fileID: 0}
    - target: {fileID: 3198829488481824565, guid: 90f9e4b3ac8ae7a4e8ecc91f6905e67d,
        type: 3}
      propertyPath: m_RootOrder
      value: 3
      objectReference: {fileID: 0}
    - target: {fileID: 3198829488481824565, guid: 90f9e4b3ac8ae7a4e8ecc91f6905e67d,
        type: 3}
      propertyPath: m_LocalEulerAnglesHint.x
      value: 0
      objectReference: {fileID: 0}
    - target: {fileID: 3198829488481824565, guid: 90f9e4b3ac8ae7a4e8ecc91f6905e67d,
        type: 3}
      propertyPath: m_LocalEulerAnglesHint.y
      value: 0
      objectReference: {fileID: 0}
    - target: {fileID: 3198829488481824565, guid: 90f9e4b3ac8ae7a4e8ecc91f6905e67d,
        type: 3}
      propertyPath: m_LocalEulerAnglesHint.z
      value: 0
      objectReference: {fileID: 0}
    m_RemovedComponents: []
  m_SourcePrefab: {fileID: 100100000, guid: 90f9e4b3ac8ae7a4e8ecc91f6905e67d, type: 3}
--- !u!4 &1270889749926235049 stripped
Transform:
  m_CorrespondingSourceObject: {fileID: 3198829488481824565, guid: 90f9e4b3ac8ae7a4e8ecc91f6905e67d,
    type: 3}
  m_PrefabInstance: {fileID: 4451699409046545564}
  m_PrefabAsset: {fileID: 0}
--- !u!1001 &4786219240943477854
PrefabInstance:
  m_ObjectHideFlags: 0
  serializedVersion: 2
  m_Modification:
    m_TransformParent: {fileID: 4899070351410813047}
    m_Modifications:
    - target: {fileID: 4094777359013714924, guid: 236aeea481bdd1f488d97f3d936dccce,
        type: 3}
      propertyPath: m_Name
      value: violet_ufo_left_arm
      objectReference: {fileID: 0}
    - target: {fileID: 2956240385557928596, guid: 236aeea481bdd1f488d97f3d936dccce,
        type: 3}
      propertyPath: m_LocalPosition.x
      value: 0
      objectReference: {fileID: 0}
    - target: {fileID: 2956240385557928596, guid: 236aeea481bdd1f488d97f3d936dccce,
        type: 3}
      propertyPath: m_LocalPosition.y
      value: 0
      objectReference: {fileID: 0}
    - target: {fileID: 2956240385557928596, guid: 236aeea481bdd1f488d97f3d936dccce,
        type: 3}
      propertyPath: m_LocalPosition.z
      value: 0
      objectReference: {fileID: 0}
    - target: {fileID: 2956240385557928596, guid: 236aeea481bdd1f488d97f3d936dccce,
        type: 3}
      propertyPath: m_LocalRotation.x
      value: 0
      objectReference: {fileID: 0}
    - target: {fileID: 2956240385557928596, guid: 236aeea481bdd1f488d97f3d936dccce,
        type: 3}
      propertyPath: m_LocalRotation.y
      value: 0
      objectReference: {fileID: 0}
    - target: {fileID: 2956240385557928596, guid: 236aeea481bdd1f488d97f3d936dccce,
        type: 3}
      propertyPath: m_LocalRotation.z
      value: 0
      objectReference: {fileID: 0}
    - target: {fileID: 2956240385557928596, guid: 236aeea481bdd1f488d97f3d936dccce,
        type: 3}
      propertyPath: m_LocalRotation.w
      value: 1
      objectReference: {fileID: 0}
    - target: {fileID: 2956240385557928596, guid: 236aeea481bdd1f488d97f3d936dccce,
        type: 3}
      propertyPath: m_RootOrder
      value: 4
      objectReference: {fileID: 0}
    - target: {fileID: 2956240385557928596, guid: 236aeea481bdd1f488d97f3d936dccce,
        type: 3}
      propertyPath: m_LocalEulerAnglesHint.x
      value: 0
      objectReference: {fileID: 0}
    - target: {fileID: 2956240385557928596, guid: 236aeea481bdd1f488d97f3d936dccce,
        type: 3}
      propertyPath: m_LocalEulerAnglesHint.y
      value: 0
      objectReference: {fileID: 0}
    - target: {fileID: 2956240385557928596, guid: 236aeea481bdd1f488d97f3d936dccce,
        type: 3}
      propertyPath: m_LocalEulerAnglesHint.z
      value: 0
      objectReference: {fileID: 0}
    m_RemovedComponents: []
  m_SourcePrefab: {fileID: 100100000, guid: 236aeea481bdd1f488d97f3d936dccce, type: 3}
--- !u!4 &7740207805160455882 stripped
Transform:
  m_CorrespondingSourceObject: {fileID: 2956240385557928596, guid: 236aeea481bdd1f488d97f3d936dccce,
    type: 3}
  m_PrefabInstance: {fileID: 4786219240943477854}
  m_PrefabAsset: {fileID: 0}
--- !u!1001 &6351821525482177382
PrefabInstance:
  m_ObjectHideFlags: 0
  serializedVersion: 2
  m_Modification:
    m_TransformParent: {fileID: 4899070351410813047}
    m_Modifications:
    - target: {fileID: 7034948283204914092, guid: ec390471464c76f46967f2e57507d58e,
        type: 3}
      propertyPath: m_Name
      value: ufo_chest_b
      objectReference: {fileID: 0}
    - target: {fileID: 8201969555833204286, guid: ec390471464c76f46967f2e57507d58e,
        type: 3}
      propertyPath: m_LocalPosition.x
      value: 0
      objectReference: {fileID: 0}
    - target: {fileID: 8201969555833204286, guid: ec390471464c76f46967f2e57507d58e,
        type: 3}
      propertyPath: m_LocalPosition.y
      value: 0
      objectReference: {fileID: 0}
    - target: {fileID: 8201969555833204286, guid: ec390471464c76f46967f2e57507d58e,
        type: 3}
      propertyPath: m_LocalPosition.z
      value: 0
      objectReference: {fileID: 0}
    - target: {fileID: 8201969555833204286, guid: ec390471464c76f46967f2e57507d58e,
        type: 3}
      propertyPath: m_LocalRotation.x
      value: 0
      objectReference: {fileID: 0}
    - target: {fileID: 8201969555833204286, guid: ec390471464c76f46967f2e57507d58e,
        type: 3}
      propertyPath: m_LocalRotation.y
      value: 0
      objectReference: {fileID: 0}
    - target: {fileID: 8201969555833204286, guid: ec390471464c76f46967f2e57507d58e,
        type: 3}
      propertyPath: m_LocalRotation.z
      value: 0
      objectReference: {fileID: 0}
    - target: {fileID: 8201969555833204286, guid: ec390471464c76f46967f2e57507d58e,
        type: 3}
      propertyPath: m_LocalRotation.w
      value: 1
      objectReference: {fileID: 0}
    - target: {fileID: 8201969555833204286, guid: ec390471464c76f46967f2e57507d58e,
        type: 3}
      propertyPath: m_RootOrder
      value: 0
      objectReference: {fileID: 0}
    - target: {fileID: 8201969555833204286, guid: ec390471464c76f46967f2e57507d58e,
        type: 3}
      propertyPath: m_LocalEulerAnglesHint.x
      value: 0
      objectReference: {fileID: 0}
    - target: {fileID: 8201969555833204286, guid: ec390471464c76f46967f2e57507d58e,
        type: 3}
      propertyPath: m_LocalEulerAnglesHint.y
      value: 0
      objectReference: {fileID: 0}
    - target: {fileID: 8201969555833204286, guid: ec390471464c76f46967f2e57507d58e,
        type: 3}
      propertyPath: m_LocalEulerAnglesHint.z
      value: 0
      objectReference: {fileID: 0}
    m_RemovedComponents: []
  m_SourcePrefab: {fileID: 100100000, guid: ec390471464c76f46967f2e57507d58e, type: 3}
--- !u!4 &3023335767809863000 stripped
Transform:
  m_CorrespondingSourceObject: {fileID: 8201969555833204286, guid: ec390471464c76f46967f2e57507d58e,
    type: 3}
  m_PrefabInstance: {fileID: 6351821525482177382}
  m_PrefabAsset: {fileID: 0}
--- !u!1001 &6782741933052316207
PrefabInstance:
  m_ObjectHideFlags: 0
  serializedVersion: 2
  m_Modification:
    m_TransformParent: {fileID: 4899070351410813047}
    m_Modifications:
    - target: {fileID: 219856086511263524, guid: c9d9a3c14e2298245a54a1f308e9bfbe,
        type: 3}
      propertyPath: m_Name
      value: violet_ufo_chest
      objectReference: {fileID: 0}
    - target: {fileID: 1413507745540051333, guid: c9d9a3c14e2298245a54a1f308e9bfbe,
        type: 3}
      propertyPath: m_LocalPosition.x
      value: 0
      objectReference: {fileID: 0}
    - target: {fileID: 1413507745540051333, guid: c9d9a3c14e2298245a54a1f308e9bfbe,
        type: 3}
      propertyPath: m_LocalPosition.y
      value: 0
      objectReference: {fileID: 0}
    - target: {fileID: 1413507745540051333, guid: c9d9a3c14e2298245a54a1f308e9bfbe,
        type: 3}
      propertyPath: m_LocalPosition.z
      value: 0
      objectReference: {fileID: 0}
    - target: {fileID: 1413507745540051333, guid: c9d9a3c14e2298245a54a1f308e9bfbe,
        type: 3}
      propertyPath: m_LocalRotation.x
      value: 0
      objectReference: {fileID: 0}
    - target: {fileID: 1413507745540051333, guid: c9d9a3c14e2298245a54a1f308e9bfbe,
        type: 3}
      propertyPath: m_LocalRotation.y
      value: 0
      objectReference: {fileID: 0}
    - target: {fileID: 1413507745540051333, guid: c9d9a3c14e2298245a54a1f308e9bfbe,
        type: 3}
      propertyPath: m_LocalRotation.z
      value: 0
      objectReference: {fileID: 0}
    - target: {fileID: 1413507745540051333, guid: c9d9a3c14e2298245a54a1f308e9bfbe,
        type: 3}
      propertyPath: m_LocalRotation.w
      value: 1
      objectReference: {fileID: 0}
    - target: {fileID: 1413507745540051333, guid: c9d9a3c14e2298245a54a1f308e9bfbe,
        type: 3}
      propertyPath: m_RootOrder
      value: 2
      objectReference: {fileID: 0}
    - target: {fileID: 1413507745540051333, guid: c9d9a3c14e2298245a54a1f308e9bfbe,
        type: 3}
      propertyPath: m_LocalEulerAnglesHint.x
      value: 0
      objectReference: {fileID: 0}
    - target: {fileID: 1413507745540051333, guid: c9d9a3c14e2298245a54a1f308e9bfbe,
        type: 3}
      propertyPath: m_LocalEulerAnglesHint.y
      value: 0
      objectReference: {fileID: 0}
    - target: {fileID: 1413507745540051333, guid: c9d9a3c14e2298245a54a1f308e9bfbe,
        type: 3}
      propertyPath: m_LocalEulerAnglesHint.z
      value: 0
      objectReference: {fileID: 0}
    m_RemovedComponents: []
  m_SourcePrefab: {fileID: 100100000, guid: c9d9a3c14e2298245a54a1f308e9bfbe, type: 3}
--- !u!4 &5601609409078188970 stripped
Transform:
  m_CorrespondingSourceObject: {fileID: 1413507745540051333, guid: c9d9a3c14e2298245a54a1f308e9bfbe,
    type: 3}
  m_PrefabInstance: {fileID: 6782741933052316207}
  m_PrefabAsset: {fileID: 0}
