%YAML 1.1
%TAG !u! tag:unity3d.com,2011:
--- !u!1 &8726254849031425424
GameObject:
  m_ObjectHideFlags: 0
  m_CorrespondingSourceObject: {fileID: 0}
  m_PrefabInstance: {fileID: 0}
  m_PrefabAsset: {fileID: 0}
  serializedVersion: 6
  m_Component:
  - component: {fileID: 673447007751043267}
  - component: {fileID: 4371769749336695725}
  m_Layer: 0
  m_Name: NormalGreen
  m_TagString: Untagged
  m_Icon: {fileID: 0}
  m_NavMeshLayer: 0
  m_StaticEditorFlags: 0
  m_IsActive: 1
--- !u!4 &673447007751043267
Transform:
  m_ObjectHideFlags: 0
  m_CorrespondingSourceObject: {fileID: 0}
  m_PrefabInstance: {fileID: 0}
  m_PrefabAsset: {fileID: 0}
  m_GameObject: {fileID: 8726254849031425424}
  m_LocalRotation: {x: 0, y: 0, z: 0, w: 1}
  m_LocalPosition: {x: 0, y: 0, z: 0}
  m_LocalScale: {x: 0.03, y: 0.03, z: 0.03}
  m_Children:
  - {fileID: 4836544809737271192}
  - {fileID: 3026814238088114703}
  - {fileID: 542853902610714648}
  - {fileID: 1530865158842501058}
  - {fileID: 6476103121669453959}
  - {fileID: 2006862511604702446}
  - {fileID: 8024590706244895119}
  m_Father: {fileID: 0}
  m_RootOrder: 0
  m_LocalEulerAnglesHint: {x: 0, y: 0, z: 0}
--- !u!114 &4371769749336695725
MonoBehaviour:
  m_ObjectHideFlags: 0
  m_CorrespondingSourceObject: {fileID: 0}
  m_PrefabInstance: {fileID: 0}
  m_PrefabAsset: {fileID: 0}
  m_GameObject: {fileID: 8726254849031425424}
  m_Enabled: 1
  m_EditorHideFlags: 0
  m_Script: {fileID: 11500000, guid: aae3ef1e6d0732a4b8dcade7f806737e, type: 3}
  m_Name: 
  m_EditorClassIdentifier: 
  armsAnim: 
  weaponsAnim: 
  walkAnim: 
  changeAnim: 0
  attack: 0
  robot:
    numRobotCreated: 0
    attacks: 
    parts: []
    AnimationArm: []
    AnimationWeapon: []
    blockedObjects: []
    headType: 0
    torsoType: 0
    legsType: 0
    weapon: 0
    debilityKnife: 0
    debilitySword: 0
    debilityGun: 0
    debilityShotgun: 0
    debilityMachineGun: 0
    debilitySniper: 0
    debilityLaser: 0
--- !u!1001 &201242705579467654
PrefabInstance:
  m_ObjectHideFlags: 0
  serializedVersion: 2
  m_Modification:
    m_TransformParent: {fileID: 673447007751043267}
    m_Modifications:
    - target: {fileID: 3518860250532088805, guid: 0540f93223ce1a949ad2102c359af652,
        type: 3}
      propertyPath: m_Name
      value: green_inf_chest
      objectReference: {fileID: 0}
    - target: {fileID: 2939604466097574281, guid: 0540f93223ce1a949ad2102c359af652,
        type: 3}
      propertyPath: m_LocalPosition.x
      value: 0
      objectReference: {fileID: 0}
    - target: {fileID: 2939604466097574281, guid: 0540f93223ce1a949ad2102c359af652,
        type: 3}
      propertyPath: m_LocalPosition.y
      value: 0
      objectReference: {fileID: 0}
    - target: {fileID: 2939604466097574281, guid: 0540f93223ce1a949ad2102c359af652,
        type: 3}
      propertyPath: m_LocalPosition.z
      value: 0
      objectReference: {fileID: 0}
    - target: {fileID: 2939604466097574281, guid: 0540f93223ce1a949ad2102c359af652,
        type: 3}
      propertyPath: m_LocalRotation.x
      value: 0
      objectReference: {fileID: 0}
    - target: {fileID: 2939604466097574281, guid: 0540f93223ce1a949ad2102c359af652,
        type: 3}
      propertyPath: m_LocalRotation.y
      value: 0
      objectReference: {fileID: 0}
    - target: {fileID: 2939604466097574281, guid: 0540f93223ce1a949ad2102c359af652,
        type: 3}
      propertyPath: m_LocalRotation.z
      value: 0
      objectReference: {fileID: 0}
    - target: {fileID: 2939604466097574281, guid: 0540f93223ce1a949ad2102c359af652,
        type: 3}
      propertyPath: m_LocalRotation.w
      value: 1
      objectReference: {fileID: 0}
    - target: {fileID: 2939604466097574281, guid: 0540f93223ce1a949ad2102c359af652,
        type: 3}
      propertyPath: m_RootOrder
      value: 1
      objectReference: {fileID: 0}
    - target: {fileID: 2939604466097574281, guid: 0540f93223ce1a949ad2102c359af652,
        type: 3}
      propertyPath: m_LocalEulerAnglesHint.x
      value: 0
      objectReference: {fileID: 0}
    - target: {fileID: 2939604466097574281, guid: 0540f93223ce1a949ad2102c359af652,
        type: 3}
      propertyPath: m_LocalEulerAnglesHint.y
      value: 0
      objectReference: {fileID: 0}
    - target: {fileID: 2939604466097574281, guid: 0540f93223ce1a949ad2102c359af652,
        type: 3}
      propertyPath: m_LocalEulerAnglesHint.z
      value: 0
      objectReference: {fileID: 0}
    - target: {fileID: 8154496635597471903, guid: 0540f93223ce1a949ad2102c359af652,
        type: 3}
      propertyPath: animController
      value: 
      objectReference: {fileID: 4371769749336695725}
    m_RemovedComponents: []
  m_SourcePrefab: {fileID: 100100000, guid: 0540f93223ce1a949ad2102c359af652, type: 3}
--- !u!4 &3026814238088114703 stripped
Transform:
  m_CorrespondingSourceObject: {fileID: 2939604466097574281, guid: 0540f93223ce1a949ad2102c359af652,
    type: 3}
  m_PrefabInstance: {fileID: 201242705579467654}
  m_PrefabAsset: {fileID: 0}
--- !u!1001 &1222402227426249058
PrefabInstance:
  m_ObjectHideFlags: 0
  serializedVersion: 2
  m_Modification:
    m_TransformParent: {fileID: 673447007751043267}
    m_Modifications:
    - target: {fileID: 8141386204202343673, guid: 5a9a20a8f6411584885875b25331fc98,
        type: 3}
      propertyPath: m_Name
      value: Explosions
      objectReference: {fileID: 0}
    - target: {fileID: 6046086590546411258, guid: 5a9a20a8f6411584885875b25331fc98,
        type: 3}
      propertyPath: m_LocalPosition.x
      value: 0
      objectReference: {fileID: 0}
    - target: {fileID: 6046086590546411258, guid: 5a9a20a8f6411584885875b25331fc98,
        type: 3}
      propertyPath: m_LocalPosition.y
      value: 0
      objectReference: {fileID: 0}
    - target: {fileID: 6046086590546411258, guid: 5a9a20a8f6411584885875b25331fc98,
        type: 3}
      propertyPath: m_LocalPosition.z
      value: 0
      objectReference: {fileID: 0}
    - target: {fileID: 6046086590546411258, guid: 5a9a20a8f6411584885875b25331fc98,
        type: 3}
      propertyPath: m_LocalRotation.x
      value: 0
      objectReference: {fileID: 0}
    - target: {fileID: 6046086590546411258, guid: 5a9a20a8f6411584885875b25331fc98,
        type: 3}
      propertyPath: m_LocalRotation.y
      value: 0
      objectReference: {fileID: 0}
    - target: {fileID: 6046086590546411258, guid: 5a9a20a8f6411584885875b25331fc98,
        type: 3}
      propertyPath: m_LocalRotation.z
      value: 0
      objectReference: {fileID: 0}
    - target: {fileID: 6046086590546411258, guid: 5a9a20a8f6411584885875b25331fc98,
        type: 3}
      propertyPath: m_LocalRotation.w
      value: 1
      objectReference: {fileID: 0}
    - target: {fileID: 6046086590546411258, guid: 5a9a20a8f6411584885875b25331fc98,
        type: 3}
      propertyPath: m_RootOrder
      value: 0
      objectReference: {fileID: 0}
    - target: {fileID: 6046086590546411258, guid: 5a9a20a8f6411584885875b25331fc98,
        type: 3}
      propertyPath: m_LocalEulerAnglesHint.x
      value: 0
      objectReference: {fileID: 0}
    - target: {fileID: 6046086590546411258, guid: 5a9a20a8f6411584885875b25331fc98,
        type: 3}
      propertyPath: m_LocalEulerAnglesHint.y
      value: 0
      objectReference: {fileID: 0}
    - target: {fileID: 6046086590546411258, guid: 5a9a20a8f6411584885875b25331fc98,
        type: 3}
      propertyPath: m_LocalEulerAnglesHint.z
      value: 0
      objectReference: {fileID: 0}
    m_RemovedComponents: []
  m_SourcePrefab: {fileID: 100100000, guid: 5a9a20a8f6411584885875b25331fc98, type: 3}
--- !u!4 &4836544809737271192 stripped
Transform:
  m_CorrespondingSourceObject: {fileID: 6046086590546411258, guid: 5a9a20a8f6411584885875b25331fc98,
    type: 3}
  m_PrefabInstance: {fileID: 1222402227426249058}
  m_PrefabAsset: {fileID: 0}
--- !u!1001 &4911233109605303763
PrefabInstance:
  m_ObjectHideFlags: 0
  serializedVersion: 2
  m_Modification:
    m_TransformParent: {fileID: 673447007751043267}
    m_Modifications:
    - target: {fileID: 545559050010523310, guid: 20043834c3c16eb42800800a9c1ba227,
        type: 3}
      propertyPath: m_Name
      value: green_inf_right_arm
      objectReference: {fileID: 0}
    - target: {fileID: 2159345197237845332, guid: 20043834c3c16eb42800800a9c1ba227,
        type: 3}
      propertyPath: m_LocalPosition.x
      value: 0
      objectReference: {fileID: 0}
    - target: {fileID: 2159345197237845332, guid: 20043834c3c16eb42800800a9c1ba227,
        type: 3}
      propertyPath: m_LocalPosition.y
      value: 0
      objectReference: {fileID: 0}
    - target: {fileID: 2159345197237845332, guid: 20043834c3c16eb42800800a9c1ba227,
        type: 3}
      propertyPath: m_LocalPosition.z
      value: 0
      objectReference: {fileID: 0}
    - target: {fileID: 2159345197237845332, guid: 20043834c3c16eb42800800a9c1ba227,
        type: 3}
      propertyPath: m_LocalRotation.x
      value: 0
      objectReference: {fileID: 0}
    - target: {fileID: 2159345197237845332, guid: 20043834c3c16eb42800800a9c1ba227,
        type: 3}
      propertyPath: m_LocalRotation.y
      value: 0
      objectReference: {fileID: 0}
    - target: {fileID: 2159345197237845332, guid: 20043834c3c16eb42800800a9c1ba227,
        type: 3}
      propertyPath: m_LocalRotation.z
      value: 0
      objectReference: {fileID: 0}
    - target: {fileID: 2159345197237845332, guid: 20043834c3c16eb42800800a9c1ba227,
        type: 3}
      propertyPath: m_LocalRotation.w
      value: 1
      objectReference: {fileID: 0}
    - target: {fileID: 2159345197237845332, guid: 20043834c3c16eb42800800a9c1ba227,
        type: 3}
      propertyPath: m_RootOrder
      value: 4
      objectReference: {fileID: 0}
    - target: {fileID: 2159345197237845332, guid: 20043834c3c16eb42800800a9c1ba227,
        type: 3}
      propertyPath: m_LocalEulerAnglesHint.x
      value: 0
      objectReference: {fileID: 0}
    - target: {fileID: 2159345197237845332, guid: 20043834c3c16eb42800800a9c1ba227,
        type: 3}
      propertyPath: m_LocalEulerAnglesHint.y
      value: 0
      objectReference: {fileID: 0}
    - target: {fileID: 2159345197237845332, guid: 20043834c3c16eb42800800a9c1ba227,
        type: 3}
      propertyPath: m_LocalEulerAnglesHint.z
      value: 0
      objectReference: {fileID: 0}
    - target: {fileID: 3671036688012374428, guid: 20043834c3c16eb42800800a9c1ba227,
        type: 3}
      propertyPath: animController
      value: 
      objectReference: {fileID: 4371769749336695725}
    m_RemovedComponents: []
  m_SourcePrefab: {fileID: 100100000, guid: 20043834c3c16eb42800800a9c1ba227, type: 3}
--- !u!4 &6476103121669453959 stripped
Transform:
  m_CorrespondingSourceObject: {fileID: 2159345197237845332, guid: 20043834c3c16eb42800800a9c1ba227,
    type: 3}
  m_PrefabInstance: {fileID: 4911233109605303763}
  m_PrefabAsset: {fileID: 0}
--- !u!1001 &6066540112694938575
PrefabInstance:
  m_ObjectHideFlags: 0
  serializedVersion: 2
  m_Modification:
    m_TransformParent: {fileID: 673447007751043267}
    m_Modifications:
    - target: {fileID: 918173490779304385, guid: a94125fd67a3c7441842fe04a045244a,
        type: 3}
      propertyPath: m_Name
      value: green_inf_left_arm
      objectReference: {fileID: 0}
    - target: {fileID: 4687710476321377293, guid: a94125fd67a3c7441842fe04a045244a,
        type: 3}
      propertyPath: m_LocalPosition.x
      value: 0
      objectReference: {fileID: 0}
    - target: {fileID: 4687710476321377293, guid: a94125fd67a3c7441842fe04a045244a,
        type: 3}
      propertyPath: m_LocalPosition.y
      value: 0
      objectReference: {fileID: 0}
    - target: {fileID: 4687710476321377293, guid: a94125fd67a3c7441842fe04a045244a,
        type: 3}
      propertyPath: m_LocalPosition.z
      value: 0
      objectReference: {fileID: 0}
    - target: {fileID: 4687710476321377293, guid: a94125fd67a3c7441842fe04a045244a,
        type: 3}
      propertyPath: m_LocalRotation.x
      value: 0
      objectReference: {fileID: 0}
    - target: {fileID: 4687710476321377293, guid: a94125fd67a3c7441842fe04a045244a,
        type: 3}
      propertyPath: m_LocalRotation.y
      value: 0
      objectReference: {fileID: 0}
    - target: {fileID: 4687710476321377293, guid: a94125fd67a3c7441842fe04a045244a,
        type: 3}
      propertyPath: m_LocalRotation.z
      value: 0
      objectReference: {fileID: 0}
    - target: {fileID: 4687710476321377293, guid: a94125fd67a3c7441842fe04a045244a,
        type: 3}
      propertyPath: m_LocalRotation.w
      value: 1
      objectReference: {fileID: 0}
    - target: {fileID: 4687710476321377293, guid: a94125fd67a3c7441842fe04a045244a,
        type: 3}
      propertyPath: m_RootOrder
      value: 3
      objectReference: {fileID: 0}
    - target: {fileID: 4687710476321377293, guid: a94125fd67a3c7441842fe04a045244a,
        type: 3}
      propertyPath: m_LocalEulerAnglesHint.x
      value: 0
      objectReference: {fileID: 0}
    - target: {fileID: 4687710476321377293, guid: a94125fd67a3c7441842fe04a045244a,
        type: 3}
      propertyPath: m_LocalEulerAnglesHint.y
      value: 0
      objectReference: {fileID: 0}
    - target: {fileID: 4687710476321377293, guid: a94125fd67a3c7441842fe04a045244a,
        type: 3}
      propertyPath: m_LocalEulerAnglesHint.z
      value: 0
      objectReference: {fileID: 0}
    - target: {fileID: 814749527753465969, guid: a94125fd67a3c7441842fe04a045244a,
        type: 3}
      propertyPath: animController
      value: 
      objectReference: {fileID: 4371769749336695725}
    m_RemovedComponents: []
  m_SourcePrefab: {fileID: 100100000, guid: a94125fd67a3c7441842fe04a045244a, type: 3}
--- !u!4 &1530865158842501058 stripped
Transform:
  m_CorrespondingSourceObject: {fileID: 4687710476321377293, guid: a94125fd67a3c7441842fe04a045244a,
    type: 3}
  m_PrefabInstance: {fileID: 6066540112694938575}
  m_PrefabAsset: {fileID: 0}
--- !u!1001 &6969948562052409369
PrefabInstance:
  m_ObjectHideFlags: 0
  serializedVersion: 2
  m_Modification:
    m_TransformParent: {fileID: 673447007751043267}
    m_Modifications:
    - target: {fileID: 3659883670609716962, guid: 87728d67b4b11a245962e599e53d7217,
        type: 3}
      propertyPath: m_Name
      value: inf_weapon
      objectReference: {fileID: 0}
    - target: {fileID: 1145930753276651926, guid: 87728d67b4b11a245962e599e53d7217,
        type: 3}
      propertyPath: m_LocalPosition.x
      value: 0
      objectReference: {fileID: 0}
    - target: {fileID: 1145930753276651926, guid: 87728d67b4b11a245962e599e53d7217,
        type: 3}
      propertyPath: m_LocalPosition.y
      value: 0
      objectReference: {fileID: 0}
    - target: {fileID: 1145930753276651926, guid: 87728d67b4b11a245962e599e53d7217,
        type: 3}
      propertyPath: m_LocalPosition.z
      value: 0
      objectReference: {fileID: 0}
    - target: {fileID: 1145930753276651926, guid: 87728d67b4b11a245962e599e53d7217,
        type: 3}
      propertyPath: m_LocalRotation.x
      value: 0
      objectReference: {fileID: 0}
    - target: {fileID: 1145930753276651926, guid: 87728d67b4b11a245962e599e53d7217,
        type: 3}
      propertyPath: m_LocalRotation.y
      value: 0
      objectReference: {fileID: 0}
    - target: {fileID: 1145930753276651926, guid: 87728d67b4b11a245962e599e53d7217,
        type: 3}
      propertyPath: m_LocalRotation.z
      value: 0
      objectReference: {fileID: 0}
    - target: {fileID: 1145930753276651926, guid: 87728d67b4b11a245962e599e53d7217,
        type: 3}
      propertyPath: m_LocalRotation.w
      value: 1
      objectReference: {fileID: 0}
    - target: {fileID: 1145930753276651926, guid: 87728d67b4b11a245962e599e53d7217,
        type: 3}
      propertyPath: m_RootOrder
      value: 6
      objectReference: {fileID: 0}
    - target: {fileID: 1145930753276651926, guid: 87728d67b4b11a245962e599e53d7217,
        type: 3}
      propertyPath: m_LocalEulerAnglesHint.x
      value: 0
      objectReference: {fileID: 0}
    - target: {fileID: 1145930753276651926, guid: 87728d67b4b11a245962e599e53d7217,
        type: 3}
      propertyPath: m_LocalEulerAnglesHint.y
      value: 0
      objectReference: {fileID: 0}
    - target: {fileID: 1145930753276651926, guid: 87728d67b4b11a245962e599e53d7217,
        type: 3}
      propertyPath: m_LocalEulerAnglesHint.z
      value: 0
      objectReference: {fileID: 0}
    - target: {fileID: 4056101023632727417, guid: 87728d67b4b11a245962e599e53d7217,
        type: 3}
      propertyPath: animController
      value: 
      objectReference: {fileID: 4371769749336695725}
    m_RemovedComponents: []
  m_SourcePrefab: {fileID: 100100000, guid: 87728d67b4b11a245962e599e53d7217, type: 3}
--- !u!4 &8024590706244895119 stripped
Transform:
  m_CorrespondingSourceObject: {fileID: 1145930753276651926, guid: 87728d67b4b11a245962e599e53d7217,
    type: 3}
  m_PrefabInstance: {fileID: 6969948562052409369}
  m_PrefabAsset: {fileID: 0}
--- !u!1001 &7241485788710745912
PrefabInstance:
  m_ObjectHideFlags: 0
  serializedVersion: 2
  m_Modification:
    m_TransformParent: {fileID: 673447007751043267}
    m_Modifications:
    - target: {fileID: 5014314219897095587, guid: 300e9dbe463d8d2448e571295b3e22ff,
        type: 3}
      propertyPath: m_Name
      value: green_inf_fist
      objectReference: {fileID: 0}
    - target: {fileID: 7203074717382567712, guid: 300e9dbe463d8d2448e571295b3e22ff,
        type: 3}
      propertyPath: m_LocalPosition.x
      value: 0
      objectReference: {fileID: 0}
    - target: {fileID: 7203074717382567712, guid: 300e9dbe463d8d2448e571295b3e22ff,
        type: 3}
      propertyPath: m_LocalPosition.y
      value: 0
      objectReference: {fileID: 0}
    - target: {fileID: 7203074717382567712, guid: 300e9dbe463d8d2448e571295b3e22ff,
        type: 3}
      propertyPath: m_LocalPosition.z
      value: 0
      objectReference: {fileID: 0}
    - target: {fileID: 7203074717382567712, guid: 300e9dbe463d8d2448e571295b3e22ff,
        type: 3}
      propertyPath: m_LocalRotation.x
      value: 0
      objectReference: {fileID: 0}
    - target: {fileID: 7203074717382567712, guid: 300e9dbe463d8d2448e571295b3e22ff,
        type: 3}
      propertyPath: m_LocalRotation.y
      value: 0
      objectReference: {fileID: 0}
    - target: {fileID: 7203074717382567712, guid: 300e9dbe463d8d2448e571295b3e22ff,
        type: 3}
      propertyPath: m_LocalRotation.z
      value: 0
      objectReference: {fileID: 0}
    - target: {fileID: 7203074717382567712, guid: 300e9dbe463d8d2448e571295b3e22ff,
        type: 3}
      propertyPath: m_LocalRotation.w
      value: 1
      objectReference: {fileID: 0}
    - target: {fileID: 7203074717382567712, guid: 300e9dbe463d8d2448e571295b3e22ff,
        type: 3}
      propertyPath: m_RootOrder
      value: 2
      objectReference: {fileID: 0}
    - target: {fileID: 7203074717382567712, guid: 300e9dbe463d8d2448e571295b3e22ff,
        type: 3}
      propertyPath: m_LocalEulerAnglesHint.x
      value: 0
      objectReference: {fileID: 0}
    - target: {fileID: 7203074717382567712, guid: 300e9dbe463d8d2448e571295b3e22ff,
        type: 3}
      propertyPath: m_LocalEulerAnglesHint.y
      value: 0
      objectReference: {fileID: 0}
    - target: {fileID: 7203074717382567712, guid: 300e9dbe463d8d2448e571295b3e22ff,
        type: 3}
      propertyPath: m_LocalEulerAnglesHint.z
      value: 0
      objectReference: {fileID: 0}
    - target: {fileID: 5381330168216703661, guid: 300e9dbe463d8d2448e571295b3e22ff,
        type: 3}
      propertyPath: animController
      value: 
      objectReference: {fileID: 4371769749336695725}
    m_RemovedComponents: []
  m_SourcePrefab: {fileID: 100100000, guid: 300e9dbe463d8d2448e571295b3e22ff, type: 3}
--- !u!4 &542853902610714648 stripped
Transform:
  m_CorrespondingSourceObject: {fileID: 7203074717382567712, guid: 300e9dbe463d8d2448e571295b3e22ff,
    type: 3}
  m_PrefabInstance: {fileID: 7241485788710745912}
  m_PrefabAsset: {fileID: 0}
--- !u!1001 &7993693118497391574
PrefabInstance:
  m_ObjectHideFlags: 0
  serializedVersion: 2
  m_Modification:
    m_TransformParent: {fileID: 673447007751043267}
    m_Modifications:
    - target: {fileID: 6836154409865718408, guid: 40a3fd7259c4305459bf905dc7790a89,
        type: 3}
      propertyPath: m_Name
      value: green_inf_torso_neck
      objectReference: {fileID: 0}
    - target: {fileID: 8446082581245108024, guid: 40a3fd7259c4305459bf905dc7790a89,
        type: 3}
      propertyPath: m_LocalPosition.x
      value: 0
      objectReference: {fileID: 0}
    - target: {fileID: 8446082581245108024, guid: 40a3fd7259c4305459bf905dc7790a89,
        type: 3}
      propertyPath: m_LocalPosition.y
      value: 0
      objectReference: {fileID: 0}
    - target: {fileID: 8446082581245108024, guid: 40a3fd7259c4305459bf905dc7790a89,
        type: 3}
      propertyPath: m_LocalPosition.z
      value: 0
      objectReference: {fileID: 0}
    - target: {fileID: 8446082581245108024, guid: 40a3fd7259c4305459bf905dc7790a89,
        type: 3}
      propertyPath: m_LocalRotation.x
      value: 0
      objectReference: {fileID: 0}
    - target: {fileID: 8446082581245108024, guid: 40a3fd7259c4305459bf905dc7790a89,
        type: 3}
      propertyPath: m_LocalRotation.y
      value: 0
      objectReference: {fileID: 0}
    - target: {fileID: 8446082581245108024, guid: 40a3fd7259c4305459bf905dc7790a89,
        type: 3}
      propertyPath: m_LocalRotation.z
      value: 0
      objectReference: {fileID: 0}
    - target: {fileID: 8446082581245108024, guid: 40a3fd7259c4305459bf905dc7790a89,
        type: 3}
      propertyPath: m_LocalRotation.w
      value: 1
      objectReference: {fileID: 0}
    - target: {fileID: 8446082581245108024, guid: 40a3fd7259c4305459bf905dc7790a89,
        type: 3}
      propertyPath: m_RootOrder
      value: 5
      objectReference: {fileID: 0}
    - target: {fileID: 8446082581245108024, guid: 40a3fd7259c4305459bf905dc7790a89,
        type: 3}
      propertyPath: m_LocalEulerAnglesHint.x
      value: 0
      objectReference: {fileID: 0}
    - target: {fileID: 8446082581245108024, guid: 40a3fd7259c4305459bf905dc7790a89,
        type: 3}
      propertyPath: m_LocalEulerAnglesHint.y
      value: 0
      objectReference: {fileID: 0}
    - target: {fileID: 8446082581245108024, guid: 40a3fd7259c4305459bf905dc7790a89,
        type: 3}
      propertyPath: m_LocalEulerAnglesHint.z
      value: 0
      objectReference: {fileID: 0}
    - target: {fileID: 1692290811625001355, guid: 40a3fd7259c4305459bf905dc7790a89,
        type: 3}
      propertyPath: animController
      value: 
      objectReference: {fileID: 4371769749336695725}
    m_RemovedComponents: []
  m_SourcePrefab: {fileID: 100100000, guid: 40a3fd7259c4305459bf905dc7790a89, type: 3}
--- !u!4 &2006862511604702446 stripped
Transform:
  m_CorrespondingSourceObject: {fileID: 8446082581245108024, guid: 40a3fd7259c4305459bf905dc7790a89,
    type: 3}
  m_PrefabInstance: {fileID: 7993693118497391574}
  m_PrefabAsset: {fileID: 0}
