%YAML 1.1
%TAG !u! tag:unity3d.com,2011:
--- !u!1 &4245903350249321738
GameObject:
  m_ObjectHideFlags: 0
  m_CorrespondingSourceObject: {fileID: 0}
  m_PrefabInstance: {fileID: 0}
  m_PrefabAsset: {fileID: 0}
  serializedVersion: 6
  m_Component:
  - component: {fileID: 1594917628343781593}
  - component: {fileID: 2490804628247336161}
  m_Layer: 0
  m_Name: Torso
  m_TagString: Untagged
  m_Icon: {fileID: 0}
  m_NavMeshLayer: 0
  m_StaticEditorFlags: 0
  m_IsActive: 1
--- !u!4 &1594917628343781593
Transform:
  m_ObjectHideFlags: 0
  m_CorrespondingSourceObject: {fileID: 0}
  m_PrefabInstance: {fileID: 0}
  m_PrefabAsset: {fileID: 0}
  m_GameObject: {fileID: 4245903350249321738}
  m_LocalRotation: {x: 0, y: 0, z: 0, w: 1}
  m_LocalPosition: {x: 17.020226, y: 19.97469, z: -3.142441}
  m_LocalScale: {x: 1, y: 1, z: 1}
  m_Children:
  - {fileID: 6645473461729527145}
  - {fileID: 1683617554212961773}
  - {fileID: 8409647875473316237}
  m_Father: {fileID: 0}
  m_RootOrder: 0
  m_LocalEulerAnglesHint: {x: 0, y: 0, z: 0}
--- !u!114 &2490804628247336161
MonoBehaviour:
  m_ObjectHideFlags: 0
  m_CorrespondingSourceObject: {fileID: 0}
  m_PrefabInstance: {fileID: 0}
  m_PrefabAsset: {fileID: 0}
  m_GameObject: {fileID: 4245903350249321738}
  m_Enabled: 1
  m_EditorHideFlags: 0
  m_Script: {fileID: 11500000, guid: aae3ef1e6d0732a4b8dcade7f806737e, type: 3}
  m_Name: 
  m_EditorClassIdentifier: 
  armsAnim: 
  weaponsAnim: 
  walkAnim: 
  changeAnim: 0
  attack: 0
  robot:
    attacks: 
    parts: []
    AnimationArm: []
    AnimationWeapon: []
    blockedObjects: []
    headType: 0
    torsoType: 0
    legsType: 0
    weapon: 0
    debilityKnife: 0
    debilitySword: 0
    debilityGun: 0
    debilityShotgun: 0
    debilityMachineGun: 0
    debilitySniper: 0
    debilityLaser: 0
--- !u!1001 &5880347268566486851
PrefabInstance:
  m_ObjectHideFlags: 0
  serializedVersion: 2
  m_Modification:
    m_TransformParent: {fileID: 1594917628343781593}
    m_Modifications:
    - target: {fileID: 2517908407644617236, guid: d5244e1b6bc37484cbbf0a15f045f413,
        type: 3}
      propertyPath: m_Name
      value: red_inf_head
      objectReference: {fileID: 0}
    - target: {fileID: 982424943913634346, guid: d5244e1b6bc37484cbbf0a15f045f413,
        type: 3}
      propertyPath: m_LocalPosition.x
      value: 0
      objectReference: {fileID: 0}
    - target: {fileID: 982424943913634346, guid: d5244e1b6bc37484cbbf0a15f045f413,
        type: 3}
      propertyPath: m_LocalPosition.y
      value: 0
      objectReference: {fileID: 0}
    - target: {fileID: 982424943913634346, guid: d5244e1b6bc37484cbbf0a15f045f413,
        type: 3}
      propertyPath: m_LocalPosition.z
      value: 0
      objectReference: {fileID: 0}
    - target: {fileID: 982424943913634346, guid: d5244e1b6bc37484cbbf0a15f045f413,
        type: 3}
      propertyPath: m_LocalRotation.x
      value: 0
      objectReference: {fileID: 0}
    - target: {fileID: 982424943913634346, guid: d5244e1b6bc37484cbbf0a15f045f413,
        type: 3}
      propertyPath: m_LocalRotation.y
      value: 0
      objectReference: {fileID: 0}
    - target: {fileID: 982424943913634346, guid: d5244e1b6bc37484cbbf0a15f045f413,
        type: 3}
      propertyPath: m_LocalRotation.z
      value: 0
      objectReference: {fileID: 0}
    - target: {fileID: 982424943913634346, guid: d5244e1b6bc37484cbbf0a15f045f413,
        type: 3}
      propertyPath: m_LocalRotation.w
      value: 1
      objectReference: {fileID: 0}
    - target: {fileID: 982424943913634346, guid: d5244e1b6bc37484cbbf0a15f045f413,
        type: 3}
      propertyPath: m_RootOrder
      value: 0
      objectReference: {fileID: 0}
    - target: {fileID: 982424943913634346, guid: d5244e1b6bc37484cbbf0a15f045f413,
        type: 3}
      propertyPath: m_LocalEulerAnglesHint.x
      value: 0
      objectReference: {fileID: 0}
    - target: {fileID: 982424943913634346, guid: d5244e1b6bc37484cbbf0a15f045f413,
        type: 3}
      propertyPath: m_LocalEulerAnglesHint.y
      value: 0
      objectReference: {fileID: 0}
    - target: {fileID: 982424943913634346, guid: d5244e1b6bc37484cbbf0a15f045f413,
        type: 3}
      propertyPath: m_LocalEulerAnglesHint.z
      value: 0
      objectReference: {fileID: 0}
    - target: {fileID: 2409013275815261740, guid: d5244e1b6bc37484cbbf0a15f045f413,
        type: 3}
      propertyPath: animController
      value: 
      objectReference: {fileID: 2490804628247336161}
    - target: {fileID: 2409013275815261740, guid: d5244e1b6bc37484cbbf0a15f045f413,
        type: 3}
      propertyPath: SortingLayer
      value: Default
      objectReference: {fileID: 0}
    - target: {fileID: 1268445011047441552, guid: d5244e1b6bc37484cbbf0a15f045f413,
        type: 3}
      propertyPath: m_IsActive
      value: 0
      objectReference: {fileID: 0}
    - target: {fileID: 7860133250750912861, guid: d5244e1b6bc37484cbbf0a15f045f413,
        type: 3}
      propertyPath: m_IsActive
      value: 0
      objectReference: {fileID: 0}
    m_RemovedComponents: []
  m_SourcePrefab: {fileID: 100100000, guid: d5244e1b6bc37484cbbf0a15f045f413, type: 3}
--- !u!4 &6645473461729527145 stripped
Transform:
  m_CorrespondingSourceObject: {fileID: 982424943913634346, guid: d5244e1b6bc37484cbbf0a15f045f413,
    type: 3}
  m_PrefabInstance: {fileID: 5880347268566486851}
  m_PrefabAsset: {fileID: 0}
--- !u!1001 &6900917436960828624
PrefabInstance:
  m_ObjectHideFlags: 0
  serializedVersion: 2
  m_Modification:
    m_TransformParent: {fileID: 1594917628343781593}
    m_Modifications:
    - target: {fileID: 2096312021517365379, guid: 6a48a2b76a3be914bae234f95ad0cd31,
        type: 3}
      propertyPath: m_Name
      value: viol_inf_torso_neck
      objectReference: {fileID: 0}
    - target: {fileID: 3130540463500424541, guid: 6a48a2b76a3be914bae234f95ad0cd31,
        type: 3}
      propertyPath: m_LocalPosition.x
      value: 0
      objectReference: {fileID: 0}
    - target: {fileID: 3130540463500424541, guid: 6a48a2b76a3be914bae234f95ad0cd31,
        type: 3}
      propertyPath: m_LocalPosition.y
      value: 0
      objectReference: {fileID: 0}
    - target: {fileID: 3130540463500424541, guid: 6a48a2b76a3be914bae234f95ad0cd31,
        type: 3}
      propertyPath: m_LocalPosition.z
      value: 0
      objectReference: {fileID: 0}
    - target: {fileID: 3130540463500424541, guid: 6a48a2b76a3be914bae234f95ad0cd31,
        type: 3}
      propertyPath: m_LocalRotation.x
      value: 0
      objectReference: {fileID: 0}
    - target: {fileID: 3130540463500424541, guid: 6a48a2b76a3be914bae234f95ad0cd31,
        type: 3}
      propertyPath: m_LocalRotation.y
      value: 0
      objectReference: {fileID: 0}
    - target: {fileID: 3130540463500424541, guid: 6a48a2b76a3be914bae234f95ad0cd31,
        type: 3}
      propertyPath: m_LocalRotation.z
      value: 0
      objectReference: {fileID: 0}
    - target: {fileID: 3130540463500424541, guid: 6a48a2b76a3be914bae234f95ad0cd31,
        type: 3}
      propertyPath: m_LocalRotation.w
      value: 1
      objectReference: {fileID: 0}
    - target: {fileID: 3130540463500424541, guid: 6a48a2b76a3be914bae234f95ad0cd31,
        type: 3}
      propertyPath: m_RootOrder
      value: 2
      objectReference: {fileID: 0}
    - target: {fileID: 3130540463500424541, guid: 6a48a2b76a3be914bae234f95ad0cd31,
        type: 3}
      propertyPath: m_LocalEulerAnglesHint.x
      value: 0
      objectReference: {fileID: 0}
    - target: {fileID: 3130540463500424541, guid: 6a48a2b76a3be914bae234f95ad0cd31,
        type: 3}
      propertyPath: m_LocalEulerAnglesHint.y
      value: 0
      objectReference: {fileID: 0}
    - target: {fileID: 3130540463500424541, guid: 6a48a2b76a3be914bae234f95ad0cd31,
        type: 3}
      propertyPath: m_LocalEulerAnglesHint.z
      value: 0
      objectReference: {fileID: 0}
    - target: {fileID: 4043902874408834005, guid: 6a48a2b76a3be914bae234f95ad0cd31,
        type: 3}
      propertyPath: animController
      value: 
      objectReference: {fileID: 2490804628247336161}
    - target: {fileID: 4043902874408834005, guid: 6a48a2b76a3be914bae234f95ad0cd31,
        type: 3}
      propertyPath: SortingLayer
      value: Default
      objectReference: {fileID: 0}
    - target: {fileID: 8359963443321707943, guid: 6a48a2b76a3be914bae234f95ad0cd31,
        type: 3}
      propertyPath: m_IsActive
      value: 0
      objectReference: {fileID: 0}
    - target: {fileID: 1737702529579856537, guid: 6a48a2b76a3be914bae234f95ad0cd31,
        type: 3}
      propertyPath: m_IsActive
      value: 0
      objectReference: {fileID: 0}
    - target: {fileID: 6542307665487347955, guid: 6a48a2b76a3be914bae234f95ad0cd31,
        type: 3}
      propertyPath: m_IsActive
      value: 0
      objectReference: {fileID: 0}
    - target: {fileID: 8142570561088663307, guid: 6a48a2b76a3be914bae234f95ad0cd31,
        type: 3}
      propertyPath: m_IsActive
      value: 0
      objectReference: {fileID: 0}
    m_RemovedComponents: []
  m_SourcePrefab: {fileID: 100100000, guid: 6a48a2b76a3be914bae234f95ad0cd31, type: 3}
--- !u!4 &8409647875473316237 stripped
Transform:
  m_CorrespondingSourceObject: {fileID: 3130540463500424541, guid: 6a48a2b76a3be914bae234f95ad0cd31,
    type: 3}
  m_PrefabInstance: {fileID: 6900917436960828624}
  m_PrefabAsset: {fileID: 0}
--- !u!1001 &8122821433283984033
PrefabInstance:
  m_ObjectHideFlags: 0
  serializedVersion: 2
  m_Modification:
    m_TransformParent: {fileID: 1594917628343781593}
    m_Modifications:
    - target: {fileID: 1546346372423827163, guid: 004444eb4b978e84c9596a336f87b76c,
        type: 3}
      propertyPath: m_Name
      value: viol_inf_chest
      objectReference: {fileID: 0}
    - target: {fileID: 7487065263090403148, guid: 004444eb4b978e84c9596a336f87b76c,
        type: 3}
      propertyPath: m_LocalPosition.x
      value: 0
      objectReference: {fileID: 0}
    - target: {fileID: 7487065263090403148, guid: 004444eb4b978e84c9596a336f87b76c,
        type: 3}
      propertyPath: m_LocalPosition.y
      value: 0
      objectReference: {fileID: 0}
    - target: {fileID: 7487065263090403148, guid: 004444eb4b978e84c9596a336f87b76c,
        type: 3}
      propertyPath: m_LocalPosition.z
      value: 0
      objectReference: {fileID: 0}
    - target: {fileID: 7487065263090403148, guid: 004444eb4b978e84c9596a336f87b76c,
        type: 3}
      propertyPath: m_LocalRotation.x
      value: 0
      objectReference: {fileID: 0}
    - target: {fileID: 7487065263090403148, guid: 004444eb4b978e84c9596a336f87b76c,
        type: 3}
      propertyPath: m_LocalRotation.y
      value: 0
      objectReference: {fileID: 0}
    - target: {fileID: 7487065263090403148, guid: 004444eb4b978e84c9596a336f87b76c,
        type: 3}
      propertyPath: m_LocalRotation.z
      value: 0
      objectReference: {fileID: 0}
    - target: {fileID: 7487065263090403148, guid: 004444eb4b978e84c9596a336f87b76c,
        type: 3}
      propertyPath: m_LocalRotation.w
      value: 1
      objectReference: {fileID: 0}
    - target: {fileID: 7487065263090403148, guid: 004444eb4b978e84c9596a336f87b76c,
        type: 3}
      propertyPath: m_RootOrder
      value: 1
      objectReference: {fileID: 0}
    - target: {fileID: 7487065263090403148, guid: 004444eb4b978e84c9596a336f87b76c,
        type: 3}
      propertyPath: m_LocalEulerAnglesHint.x
      value: 0
      objectReference: {fileID: 0}
    - target: {fileID: 7487065263090403148, guid: 004444eb4b978e84c9596a336f87b76c,
        type: 3}
      propertyPath: m_LocalEulerAnglesHint.y
      value: 0
      objectReference: {fileID: 0}
    - target: {fileID: 7487065263090403148, guid: 004444eb4b978e84c9596a336f87b76c,
        type: 3}
      propertyPath: m_LocalEulerAnglesHint.z
      value: 0
      objectReference: {fileID: 0}
    - target: {fileID: 8081749788274078629, guid: 004444eb4b978e84c9596a336f87b76c,
        type: 3}
      propertyPath: animController
      value: 
      objectReference: {fileID: 2490804628247336161}
    - target: {fileID: 8081749788274078629, guid: 004444eb4b978e84c9596a336f87b76c,
        type: 3}
      propertyPath: SortingLayer
      value: Default
      objectReference: {fileID: 0}
    - target: {fileID: 8760791462333774630, guid: 004444eb4b978e84c9596a336f87b76c,
        type: 3}
      propertyPath: m_IsActive
      value: 1
      objectReference: {fileID: 0}
    - target: {fileID: 5706110818861222789, guid: 004444eb4b978e84c9596a336f87b76c,
        type: 3}
      propertyPath: m_IsActive
      value: 1
      objectReference: {fileID: 0}
    - target: {fileID: 6024011977081905071, guid: 004444eb4b978e84c9596a336f87b76c,
        type: 3}
      propertyPath: m_Sprite
      value: 
      objectReference: {fileID: 21300000, guid: df19fa6e4507b024a8e467481d6d0069,
        type: 3}
    - target: {fileID: 6024011977081905071, guid: 004444eb4b978e84c9596a336f87b76c,
        type: 3}
      propertyPath: m_Size.x
      value: 6.47
      objectReference: {fileID: 0}
    - target: {fileID: 6024011977081905071, guid: 004444eb4b978e84c9596a336f87b76c,
        type: 3}
      propertyPath: m_Size.y
      value: 4.3
      objectReference: {fileID: 0}
    - target: {fileID: 6024011977081905071, guid: 004444eb4b978e84c9596a336f87b76c,
        type: 3}
      propertyPath: m_WasSpriteAssigned
      value: 1
      objectReference: {fileID: 0}
    m_RemovedComponents: []
  m_SourcePrefab: {fileID: 100100000, guid: 004444eb4b978e84c9596a336f87b76c, type: 3}
--- !u!4 &1683617554212961773 stripped
Transform:
  m_CorrespondingSourceObject: {fileID: 7487065263090403148, guid: 004444eb4b978e84c9596a336f87b76c,
    type: 3}
  m_PrefabInstance: {fileID: 8122821433283984033}
  m_PrefabAsset: {fileID: 0}
