%YAML 1.1
%TAG !u! tag:unity3d.com,2011:
--- !u!1 &7339861141351714864
GameObject:
  m_ObjectHideFlags: 0
  m_CorrespondingSourceObject: {fileID: 0}
  m_PrefabInstance: {fileID: 0}
  m_PrefabAsset: {fileID: 0}
  serializedVersion: 6
  m_Component:
  - component: {fileID: 921374357830848789}
  - component: {fileID: 8336384333932986350}
  m_Layer: 0
  m_Name: TorsoNormalViolet
  m_TagString: Untagged
  m_Icon: {fileID: 0}
  m_NavMeshLayer: 0
  m_StaticEditorFlags: 0
  m_IsActive: 1
--- !u!4 &921374357830848789
Transform:
  m_ObjectHideFlags: 0
  m_CorrespondingSourceObject: {fileID: 0}
  m_PrefabInstance: {fileID: 0}
  m_PrefabAsset: {fileID: 0}
  m_GameObject: {fileID: 7339861141351714864}
  m_LocalRotation: {x: 0, y: 0, z: 0, w: 1}
  m_LocalPosition: {x: 0, y: 0, z: 0}
  m_LocalScale: {x: 0.03, y: 0.03, z: 0.03}
  m_Children:
  - {fileID: 1698556158027748648}
  - {fileID: 5741028047334419569}
  - {fileID: 4044877773108410607}
  - {fileID: 870122664959684129}
  - {fileID: 5697948983546056010}
  - {fileID: 5015758380414879853}
  - {fileID: 275784588271267718}
  m_Father: {fileID: 0}
  m_RootOrder: 0
  m_LocalEulerAnglesHint: {x: 0, y: 0, z: 0}
--- !u!114 &8336384333932986350
MonoBehaviour:
  m_ObjectHideFlags: 0
  m_CorrespondingSourceObject: {fileID: 0}
  m_PrefabInstance: {fileID: 0}
  m_PrefabAsset: {fileID: 0}
  m_GameObject: {fileID: 7339861141351714864}
  m_Enabled: 1
  m_EditorHideFlags: 0
  m_Script: {fileID: 11500000, guid: aae3ef1e6d0732a4b8dcade7f806737e, type: 3}
  m_Name: 
  m_EditorClassIdentifier: 
  armsAnim: 
  weaponsAnim: 
  walkAnim: 
  changeAnim: 0
  attack: 0
  robot:
    numRobotCreated: 0
    attacks: 
    parts: []
    AnimationArm: []
    AnimationWeapon: []
    blockedObjects: []
    headType: 0
    torsoType: 0
    legsType: 0
    weapon: 0
    debilityKnife: 0
    debilitySword: 0
    debilityGun: 0
    debilityShotgun: 0
    debilityMachineGun: 0
    debilitySniper: 0
    debilityLaser: 0
--- !u!1001 &879575689474311696
PrefabInstance:
  m_ObjectHideFlags: 0
  serializedVersion: 2
  m_Modification:
    m_TransformParent: {fileID: 921374357830848789}
    m_Modifications:
    - target: {fileID: 3659883670609716962, guid: 87728d67b4b11a245962e599e53d7217,
        type: 3}
      propertyPath: m_Name
      value: inf_weapon
      objectReference: {fileID: 0}
    - target: {fileID: 1145930753276651926, guid: 87728d67b4b11a245962e599e53d7217,
        type: 3}
      propertyPath: m_LocalPosition.x
      value: 0
      objectReference: {fileID: 0}
    - target: {fileID: 1145930753276651926, guid: 87728d67b4b11a245962e599e53d7217,
        type: 3}
      propertyPath: m_LocalPosition.y
      value: 0
      objectReference: {fileID: 0}
    - target: {fileID: 1145930753276651926, guid: 87728d67b4b11a245962e599e53d7217,
        type: 3}
      propertyPath: m_LocalPosition.z
      value: 0
      objectReference: {fileID: 0}
    - target: {fileID: 1145930753276651926, guid: 87728d67b4b11a245962e599e53d7217,
        type: 3}
      propertyPath: m_LocalRotation.x
      value: 0
      objectReference: {fileID: 0}
    - target: {fileID: 1145930753276651926, guid: 87728d67b4b11a245962e599e53d7217,
        type: 3}
      propertyPath: m_LocalRotation.y
      value: 0
      objectReference: {fileID: 0}
    - target: {fileID: 1145930753276651926, guid: 87728d67b4b11a245962e599e53d7217,
        type: 3}
      propertyPath: m_LocalRotation.z
      value: 0
      objectReference: {fileID: 0}
    - target: {fileID: 1145930753276651926, guid: 87728d67b4b11a245962e599e53d7217,
        type: 3}
      propertyPath: m_LocalRotation.w
      value: 1
      objectReference: {fileID: 0}
    - target: {fileID: 1145930753276651926, guid: 87728d67b4b11a245962e599e53d7217,
        type: 3}
      propertyPath: m_RootOrder
      value: 6
      objectReference: {fileID: 0}
    - target: {fileID: 1145930753276651926, guid: 87728d67b4b11a245962e599e53d7217,
        type: 3}
      propertyPath: m_LocalEulerAnglesHint.x
      value: 0
      objectReference: {fileID: 0}
    - target: {fileID: 1145930753276651926, guid: 87728d67b4b11a245962e599e53d7217,
        type: 3}
      propertyPath: m_LocalEulerAnglesHint.y
      value: 0
      objectReference: {fileID: 0}
    - target: {fileID: 1145930753276651926, guid: 87728d67b4b11a245962e599e53d7217,
        type: 3}
      propertyPath: m_LocalEulerAnglesHint.z
      value: 0
      objectReference: {fileID: 0}
    - target: {fileID: 1145930753276651926, guid: 87728d67b4b11a245962e599e53d7217,
        type: 3}
      propertyPath: m_LocalScale.x
      value: 1
      objectReference: {fileID: 0}
    - target: {fileID: 1145930753276651926, guid: 87728d67b4b11a245962e599e53d7217,
        type: 3}
      propertyPath: m_LocalScale.y
      value: 1
      objectReference: {fileID: 0}
    - target: {fileID: 1145930753276651926, guid: 87728d67b4b11a245962e599e53d7217,
        type: 3}
      propertyPath: m_LocalScale.z
      value: 1
      objectReference: {fileID: 0}
    - target: {fileID: 4056101023632727417, guid: 87728d67b4b11a245962e599e53d7217,
        type: 3}
      propertyPath: SortingLayer
      value: Default
      objectReference: {fileID: 0}
    - target: {fileID: 4056101023632727417, guid: 87728d67b4b11a245962e599e53d7217,
        type: 3}
      propertyPath: animController
      value: 
      objectReference: {fileID: 8336384333932986350}
    - target: {fileID: 8827265323947516153, guid: 87728d67b4b11a245962e599e53d7217,
        type: 3}
      propertyPath: m_IsActive
      value: 0
      objectReference: {fileID: 0}
    - target: {fileID: 1000846586419214000, guid: 87728d67b4b11a245962e599e53d7217,
        type: 3}
      propertyPath: m_IsActive
      value: 0
      objectReference: {fileID: 0}
    - target: {fileID: 380128318058328064, guid: 87728d67b4b11a245962e599e53d7217,
        type: 3}
      propertyPath: m_IsActive
      value: 0
      objectReference: {fileID: 0}
    - target: {fileID: 930275584413079620, guid: 87728d67b4b11a245962e599e53d7217,
        type: 3}
      propertyPath: m_IsActive
      value: 0
      objectReference: {fileID: 0}
    - target: {fileID: 8831862249914526157, guid: 87728d67b4b11a245962e599e53d7217,
        type: 3}
      propertyPath: m_IsActive
      value: 0
      objectReference: {fileID: 0}
    - target: {fileID: 5185907271408343267, guid: 87728d67b4b11a245962e599e53d7217,
        type: 3}
      propertyPath: m_IsActive
      value: 0
      objectReference: {fileID: 0}
    - target: {fileID: 4354751517395046086, guid: 87728d67b4b11a245962e599e53d7217,
        type: 3}
      propertyPath: m_IsActive
      value: 0
      objectReference: {fileID: 0}
    - target: {fileID: 2738096222319141214, guid: 87728d67b4b11a245962e599e53d7217,
        type: 3}
      propertyPath: m_IsActive
      value: 0
      objectReference: {fileID: 0}
    - target: {fileID: 3609200973443583930, guid: 87728d67b4b11a245962e599e53d7217,
        type: 3}
      propertyPath: m_IsActive
      value: 0
      objectReference: {fileID: 0}
    - target: {fileID: 3892409171220985218, guid: 87728d67b4b11a245962e599e53d7217,
        type: 3}
      propertyPath: m_IsActive
      value: 0
      objectReference: {fileID: 0}
    - target: {fileID: 6263128750817582663, guid: 87728d67b4b11a245962e599e53d7217,
        type: 3}
      propertyPath: m_IsActive
      value: 0
      objectReference: {fileID: 0}
    - target: {fileID: 400413192480972384, guid: 87728d67b4b11a245962e599e53d7217,
        type: 3}
      propertyPath: m_IsActive
      value: 0
      objectReference: {fileID: 0}
    - target: {fileID: 1030446902017583610, guid: 87728d67b4b11a245962e599e53d7217,
        type: 3}
      propertyPath: m_IsActive
      value: 0
      objectReference: {fileID: 0}
    - target: {fileID: 5391578394432757122, guid: 87728d67b4b11a245962e599e53d7217,
        type: 3}
      propertyPath: m_IsActive
      value: 0
      objectReference: {fileID: 0}
    - target: {fileID: 1857376494620597524, guid: 87728d67b4b11a245962e599e53d7217,
        type: 3}
      propertyPath: m_IsActive
      value: 0
      objectReference: {fileID: 0}
    - target: {fileID: 6839759347573170033, guid: 87728d67b4b11a245962e599e53d7217,
        type: 3}
      propertyPath: m_IsActive
      value: 0
      objectReference: {fileID: 0}
    - target: {fileID: 2431637819698890902, guid: 87728d67b4b11a245962e599e53d7217,
        type: 3}
      propertyPath: m_LocalRotation.x
      value: 0
      objectReference: {fileID: 0}
    - target: {fileID: 2431637819698890902, guid: 87728d67b4b11a245962e599e53d7217,
        type: 3}
      propertyPath: m_LocalRotation.y
      value: 0
      objectReference: {fileID: 0}
    - target: {fileID: 2431637819698890902, guid: 87728d67b4b11a245962e599e53d7217,
        type: 3}
      propertyPath: m_LocalRotation.z
      value: 0.11952832
      objectReference: {fileID: 0}
    - target: {fileID: 2431637819698890902, guid: 87728d67b4b11a245962e599e53d7217,
        type: 3}
      propertyPath: m_LocalRotation.w
      value: -0.9928308
      objectReference: {fileID: 0}
    - target: {fileID: 2431637819698890902, guid: 87728d67b4b11a245962e599e53d7217,
        type: 3}
      propertyPath: m_LocalPosition.x
      value: -7.7568235
      objectReference: {fileID: 0}
    - target: {fileID: 2431637819698890902, guid: 87728d67b4b11a245962e599e53d7217,
        type: 3}
      propertyPath: m_LocalPosition.y
      value: -5.9950366
      objectReference: {fileID: 0}
    - target: {fileID: 2579686382633047439, guid: 87728d67b4b11a245962e599e53d7217,
        type: 3}
      propertyPath: m_LocalPosition.x
      value: 2.3550034
      objectReference: {fileID: 0}
    - target: {fileID: 107113395174531058, guid: 87728d67b4b11a245962e599e53d7217,
        type: 3}
      propertyPath: m_Sprite
      value: 
      objectReference: {fileID: 21300000, guid: e9fe5f6816d2e0b4087d7f16e9581ebc,
        type: 3}
    - target: {fileID: 107113395174531058, guid: 87728d67b4b11a245962e599e53d7217,
        type: 3}
      propertyPath: m_Size.x
      value: 8.55
      objectReference: {fileID: 0}
    - target: {fileID: 107113395174531058, guid: 87728d67b4b11a245962e599e53d7217,
        type: 3}
      propertyPath: m_Size.y
      value: 3.32
      objectReference: {fileID: 0}
    - target: {fileID: 107113395174531058, guid: 87728d67b4b11a245962e599e53d7217,
        type: 3}
      propertyPath: m_WasSpriteAssigned
      value: 1
      objectReference: {fileID: 0}
    m_RemovedComponents: []
  m_SourcePrefab: {fileID: 100100000, guid: 87728d67b4b11a245962e599e53d7217, type: 3}
--- !u!4 &275784588271267718 stripped
Transform:
  m_CorrespondingSourceObject: {fileID: 1145930753276651926, guid: 87728d67b4b11a245962e599e53d7217,
    type: 3}
  m_PrefabInstance: {fileID: 879575689474311696}
  m_PrefabAsset: {fileID: 0}
--- !u!1001 &1120307257110379123
PrefabInstance:
  m_ObjectHideFlags: 0
  serializedVersion: 2
  m_Modification:
    m_TransformParent: {fileID: 921374357830848789}
    m_Modifications:
    - target: {fileID: 7989940048892724187, guid: 2b39032e4ee19334b8b3ce8cfb215742,
        type: 3}
      propertyPath: m_Name
      value: viol_inf_left_arm
      objectReference: {fileID: 0}
    - target: {fileID: 4012262398137516700, guid: 2b39032e4ee19334b8b3ce8cfb215742,
        type: 3}
      propertyPath: m_LocalPosition.x
      value: 0
      objectReference: {fileID: 0}
    - target: {fileID: 4012262398137516700, guid: 2b39032e4ee19334b8b3ce8cfb215742,
        type: 3}
      propertyPath: m_LocalPosition.y
      value: 0
      objectReference: {fileID: 0}
    - target: {fileID: 4012262398137516700, guid: 2b39032e4ee19334b8b3ce8cfb215742,
        type: 3}
      propertyPath: m_LocalPosition.z
      value: 0
      objectReference: {fileID: 0}
    - target: {fileID: 4012262398137516700, guid: 2b39032e4ee19334b8b3ce8cfb215742,
        type: 3}
      propertyPath: m_LocalRotation.x
      value: 0
      objectReference: {fileID: 0}
    - target: {fileID: 4012262398137516700, guid: 2b39032e4ee19334b8b3ce8cfb215742,
        type: 3}
      propertyPath: m_LocalRotation.y
      value: 0
      objectReference: {fileID: 0}
    - target: {fileID: 4012262398137516700, guid: 2b39032e4ee19334b8b3ce8cfb215742,
        type: 3}
      propertyPath: m_LocalRotation.z
      value: 0
      objectReference: {fileID: 0}
    - target: {fileID: 4012262398137516700, guid: 2b39032e4ee19334b8b3ce8cfb215742,
        type: 3}
      propertyPath: m_LocalRotation.w
      value: 1
      objectReference: {fileID: 0}
    - target: {fileID: 4012262398137516700, guid: 2b39032e4ee19334b8b3ce8cfb215742,
        type: 3}
      propertyPath: m_RootOrder
      value: 2
      objectReference: {fileID: 0}
    - target: {fileID: 4012262398137516700, guid: 2b39032e4ee19334b8b3ce8cfb215742,
        type: 3}
      propertyPath: m_LocalEulerAnglesHint.x
      value: 0
      objectReference: {fileID: 0}
    - target: {fileID: 4012262398137516700, guid: 2b39032e4ee19334b8b3ce8cfb215742,
        type: 3}
      propertyPath: m_LocalEulerAnglesHint.y
      value: 0
      objectReference: {fileID: 0}
    - target: {fileID: 4012262398137516700, guid: 2b39032e4ee19334b8b3ce8cfb215742,
        type: 3}
      propertyPath: m_LocalEulerAnglesHint.z
      value: 0
      objectReference: {fileID: 0}
    - target: {fileID: 4012262398137516700, guid: 2b39032e4ee19334b8b3ce8cfb215742,
        type: 3}
      propertyPath: m_LocalScale.x
      value: 1
      objectReference: {fileID: 0}
    - target: {fileID: 4012262398137516700, guid: 2b39032e4ee19334b8b3ce8cfb215742,
        type: 3}
      propertyPath: m_LocalScale.y
      value: 1
      objectReference: {fileID: 0}
    - target: {fileID: 4012262398137516700, guid: 2b39032e4ee19334b8b3ce8cfb215742,
        type: 3}
      propertyPath: m_LocalScale.z
      value: 1
      objectReference: {fileID: 0}
    - target: {fileID: 5468829226203224136, guid: 2b39032e4ee19334b8b3ce8cfb215742,
        type: 3}
      propertyPath: SortingLayer
      value: LeftArm
      objectReference: {fileID: 0}
    - target: {fileID: 5468829226203224136, guid: 2b39032e4ee19334b8b3ce8cfb215742,
        type: 3}
      propertyPath: animController
      value: 
      objectReference: {fileID: 8336384333932986350}
    - target: {fileID: 5561437050319816997, guid: 2b39032e4ee19334b8b3ce8cfb215742,
        type: 3}
      propertyPath: m_IsActive
      value: 0
      objectReference: {fileID: 0}
    - target: {fileID: 6306056789048035857, guid: 2b39032e4ee19334b8b3ce8cfb215742,
        type: 3}
      propertyPath: m_IsActive
      value: 0
      objectReference: {fileID: 0}
    - target: {fileID: 8662056697944023339, guid: 2b39032e4ee19334b8b3ce8cfb215742,
        type: 3}
      propertyPath: m_IsActive
      value: 0
      objectReference: {fileID: 0}
    - target: {fileID: 7229548676263964694, guid: 2b39032e4ee19334b8b3ce8cfb215742,
        type: 3}
      propertyPath: m_IsActive
      value: 0
      objectReference: {fileID: 0}
    - target: {fileID: 8417101411458157705, guid: 2b39032e4ee19334b8b3ce8cfb215742,
        type: 3}
      propertyPath: m_IsActive
      value: 0
      objectReference: {fileID: 0}
    - target: {fileID: 4847363822842750684, guid: 2b39032e4ee19334b8b3ce8cfb215742,
        type: 3}
      propertyPath: m_IsActive
      value: 0
      objectReference: {fileID: 0}
    - target: {fileID: 8109493317094065380, guid: 2b39032e4ee19334b8b3ce8cfb215742,
        type: 3}
      propertyPath: m_IsActive
      value: 0
      objectReference: {fileID: 0}
    - target: {fileID: 4315688913547838543, guid: 2b39032e4ee19334b8b3ce8cfb215742,
        type: 3}
      propertyPath: m_IsActive
      value: 0
      objectReference: {fileID: 0}
    - target: {fileID: 19891623539151135, guid: 2b39032e4ee19334b8b3ce8cfb215742,
        type: 3}
      propertyPath: m_IsActive
      value: 0
      objectReference: {fileID: 0}
    - target: {fileID: 3429258889563819435, guid: 2b39032e4ee19334b8b3ce8cfb215742,
        type: 3}
      propertyPath: m_IsActive
      value: 0
      objectReference: {fileID: 0}
    - target: {fileID: 3447167413034976983, guid: 2b39032e4ee19334b8b3ce8cfb215742,
        type: 3}
      propertyPath: m_IsActive
      value: 0
      objectReference: {fileID: 0}
    - target: {fileID: 4505928934135925498, guid: 2b39032e4ee19334b8b3ce8cfb215742,
        type: 3}
      propertyPath: m_IsActive
      value: 0
      objectReference: {fileID: 0}
    - target: {fileID: 890381348101161816, guid: 2b39032e4ee19334b8b3ce8cfb215742,
        type: 3}
      propertyPath: m_IsActive
      value: 0
      objectReference: {fileID: 0}
    - target: {fileID: 4255180051076089805, guid: 2b39032e4ee19334b8b3ce8cfb215742,
        type: 3}
      propertyPath: m_IsActive
      value: 0
      objectReference: {fileID: 0}
    - target: {fileID: 8366210211875240287, guid: 2b39032e4ee19334b8b3ce8cfb215742,
        type: 3}
      propertyPath: m_IsActive
      value: 0
      objectReference: {fileID: 0}
    - target: {fileID: 2854016115989448201, guid: 2b39032e4ee19334b8b3ce8cfb215742,
        type: 3}
      propertyPath: m_IsActive
      value: 0
      objectReference: {fileID: 0}
    - target: {fileID: 3773398007263501745, guid: 2b39032e4ee19334b8b3ce8cfb215742,
        type: 3}
      propertyPath: m_LocalRotation.x
      value: 0
      objectReference: {fileID: 0}
    - target: {fileID: 3773398007263501745, guid: 2b39032e4ee19334b8b3ce8cfb215742,
        type: 3}
      propertyPath: m_LocalRotation.y
      value: 0
      objectReference: {fileID: 0}
    - target: {fileID: 3773398007263501745, guid: 2b39032e4ee19334b8b3ce8cfb215742,
        type: 3}
      propertyPath: m_LocalRotation.z
      value: 0.4407251
      objectReference: {fileID: 0}
    - target: {fileID: 3773398007263501745, guid: 2b39032e4ee19334b8b3ce8cfb215742,
        type: 3}
      propertyPath: m_LocalRotation.w
      value: -0.89764214
      objectReference: {fileID: 0}
    - target: {fileID: 3773398007263501745, guid: 2b39032e4ee19334b8b3ce8cfb215742,
        type: 3}
      propertyPath: m_LocalPosition.x
      value: 4.2332797
      objectReference: {fileID: 0}
    - target: {fileID: 3773398007263501745, guid: 2b39032e4ee19334b8b3ce8cfb215742,
        type: 3}
      propertyPath: m_LocalPosition.y
      value: -1.8608986
      objectReference: {fileID: 0}
    - target: {fileID: 2738090906007800081, guid: 2b39032e4ee19334b8b3ce8cfb215742,
        type: 3}
      propertyPath: m_LocalRotation.x
      value: 0
      objectReference: {fileID: 0}
    - target: {fileID: 2738090906007800081, guid: 2b39032e4ee19334b8b3ce8cfb215742,
        type: 3}
      propertyPath: m_LocalRotation.y
      value: 0
      objectReference: {fileID: 0}
    - target: {fileID: 2738090906007800081, guid: 2b39032e4ee19334b8b3ce8cfb215742,
        type: 3}
      propertyPath: m_LocalRotation.z
      value: 0.5700724
      objectReference: {fileID: 0}
    - target: {fileID: 2738090906007800081, guid: 2b39032e4ee19334b8b3ce8cfb215742,
        type: 3}
      propertyPath: m_LocalRotation.w
      value: -0.8215945
      objectReference: {fileID: 0}
    - target: {fileID: 2738090906007800081, guid: 2b39032e4ee19334b8b3ce8cfb215742,
        type: 3}
      propertyPath: m_LocalPosition.x
      value: 2.7136986
      objectReference: {fileID: 0}
    - target: {fileID: 2738090906007800081, guid: 2b39032e4ee19334b8b3ce8cfb215742,
        type: 3}
      propertyPath: m_LocalPosition.y
      value: 2.2192397
      objectReference: {fileID: 0}
    - target: {fileID: 1535387262155485847, guid: 2b39032e4ee19334b8b3ce8cfb215742,
        type: 3}
      propertyPath: m_LocalRotation.x
      value: 0
      objectReference: {fileID: 0}
    - target: {fileID: 1535387262155485847, guid: 2b39032e4ee19334b8b3ce8cfb215742,
        type: 3}
      propertyPath: m_LocalRotation.y
      value: 0
      objectReference: {fileID: 0}
    - target: {fileID: 1535387262155485847, guid: 2b39032e4ee19334b8b3ce8cfb215742,
        type: 3}
      propertyPath: m_LocalRotation.z
      value: 0.39431798
      objectReference: {fileID: 0}
    - target: {fileID: 1535387262155485847, guid: 2b39032e4ee19334b8b3ce8cfb215742,
        type: 3}
      propertyPath: m_LocalRotation.w
      value: -0.9189741
      objectReference: {fileID: 0}
    - target: {fileID: 1535387262155485847, guid: 2b39032e4ee19334b8b3ce8cfb215742,
        type: 3}
      propertyPath: m_LocalPosition.x
      value: 6.783086
      objectReference: {fileID: 0}
    - target: {fileID: 1535387262155485847, guid: 2b39032e4ee19334b8b3ce8cfb215742,
        type: 3}
      propertyPath: m_LocalPosition.y
      value: -5.1819353
      objectReference: {fileID: 0}
    - target: {fileID: 3179892664103389607, guid: 2b39032e4ee19334b8b3ce8cfb215742,
        type: 3}
      propertyPath: m_LocalPosition.x
      value: 2.0418
      objectReference: {fileID: 0}
    - target: {fileID: 6994974239167750960, guid: 2b39032e4ee19334b8b3ce8cfb215742,
        type: 3}
      propertyPath: m_LocalPosition.x
      value: 2.296
      objectReference: {fileID: 0}
    - target: {fileID: 4627994263697512857, guid: 2b39032e4ee19334b8b3ce8cfb215742,
        type: 3}
      propertyPath: m_LocalPosition.x
      value: 0.9842
      objectReference: {fileID: 0}
    - target: {fileID: 4627994263697512857, guid: 2b39032e4ee19334b8b3ce8cfb215742,
        type: 3}
      propertyPath: m_LocalPosition.y
      value: -0.00000006347895
      objectReference: {fileID: 0}
    - target: {fileID: 7303480366992095856, guid: 2b39032e4ee19334b8b3ce8cfb215742,
        type: 3}
      propertyPath: m_SortingOrder
      value: 2
      objectReference: {fileID: 0}
    - target: {fileID: 7303480366992095856, guid: 2b39032e4ee19334b8b3ce8cfb215742,
        type: 3}
      propertyPath: m_Sprite
      value: 
      objectReference: {fileID: 21300000, guid: 205dc278ac356134689547d4ad402156,
        type: 3}
    - target: {fileID: 7303480366992095856, guid: 2b39032e4ee19334b8b3ce8cfb215742,
        type: 3}
      propertyPath: m_Size.x
      value: 2.59
      objectReference: {fileID: 0}
    - target: {fileID: 7303480366992095856, guid: 2b39032e4ee19334b8b3ce8cfb215742,
        type: 3}
      propertyPath: m_Size.y
      value: 2.13
      objectReference: {fileID: 0}
    - target: {fileID: 7303480366992095856, guid: 2b39032e4ee19334b8b3ce8cfb215742,
        type: 3}
      propertyPath: m_WasSpriteAssigned
      value: 1
      objectReference: {fileID: 0}
    - target: {fileID: 127171882763466677, guid: 2b39032e4ee19334b8b3ce8cfb215742,
        type: 3}
      propertyPath: m_SortingOrder
      value: 1
      objectReference: {fileID: 0}
    - target: {fileID: 127171882763466677, guid: 2b39032e4ee19334b8b3ce8cfb215742,
        type: 3}
      propertyPath: m_Sprite
      value: 
      objectReference: {fileID: 21300000, guid: 988550281fc892d4098a0f981bf07195,
        type: 3}
    - target: {fileID: 127171882763466677, guid: 2b39032e4ee19334b8b3ce8cfb215742,
        type: 3}
      propertyPath: m_Size.x
      value: 5.6
      objectReference: {fileID: 0}
    - target: {fileID: 127171882763466677, guid: 2b39032e4ee19334b8b3ce8cfb215742,
        type: 3}
      propertyPath: m_Size.y
      value: 1.86
      objectReference: {fileID: 0}
    - target: {fileID: 127171882763466677, guid: 2b39032e4ee19334b8b3ce8cfb215742,
        type: 3}
      propertyPath: m_WasSpriteAssigned
      value: 1
      objectReference: {fileID: 0}
    - target: {fileID: 676757945666936103, guid: 2b39032e4ee19334b8b3ce8cfb215742,
        type: 3}
      propertyPath: m_Sprite
      value: 
      objectReference: {fileID: 21300000, guid: c5f19c32e4dbbca4a9296c48b9fa00e8,
        type: 3}
    - target: {fileID: 676757945666936103, guid: 2b39032e4ee19334b8b3ce8cfb215742,
        type: 3}
      propertyPath: m_Size.x
      value: 4.98
      objectReference: {fileID: 0}
    - target: {fileID: 676757945666936103, guid: 2b39032e4ee19334b8b3ce8cfb215742,
        type: 3}
      propertyPath: m_Size.y
      value: 1.49
      objectReference: {fileID: 0}
    - target: {fileID: 676757945666936103, guid: 2b39032e4ee19334b8b3ce8cfb215742,
        type: 3}
      propertyPath: m_WasSpriteAssigned
      value: 1
      objectReference: {fileID: 0}
    m_RemovedComponents: []
  m_SourcePrefab: {fileID: 100100000, guid: 2b39032e4ee19334b8b3ce8cfb215742, type: 3}
--- !u!4 &4044877773108410607 stripped
Transform:
  m_CorrespondingSourceObject: {fileID: 4012262398137516700, guid: 2b39032e4ee19334b8b3ce8cfb215742,
    type: 3}
  m_PrefabInstance: {fileID: 1120307257110379123}
  m_PrefabAsset: {fileID: 0}
--- !u!1001 &2954264566301004046
PrefabInstance:
  m_ObjectHideFlags: 0
  serializedVersion: 2
  m_Modification:
    m_TransformParent: {fileID: 921374357830848789}
    m_Modifications:
    - target: {fileID: 3626805989800752885, guid: 41d09ada54a7c654c9d56147ead2ffbd,
        type: 3}
      propertyPath: m_Name
      value: viol_inf_torso_neck
      objectReference: {fileID: 0}
    - target: {fileID: 7882471789701650787, guid: 41d09ada54a7c654c9d56147ead2ffbd,
        type: 3}
      propertyPath: m_LocalPosition.x
      value: 0
      objectReference: {fileID: 0}
    - target: {fileID: 7882471789701650787, guid: 41d09ada54a7c654c9d56147ead2ffbd,
        type: 3}
      propertyPath: m_LocalPosition.y
      value: 0
      objectReference: {fileID: 0}
    - target: {fileID: 7882471789701650787, guid: 41d09ada54a7c654c9d56147ead2ffbd,
        type: 3}
      propertyPath: m_LocalPosition.z
      value: 0
      objectReference: {fileID: 0}
    - target: {fileID: 7882471789701650787, guid: 41d09ada54a7c654c9d56147ead2ffbd,
        type: 3}
      propertyPath: m_LocalRotation.x
      value: 0
      objectReference: {fileID: 0}
    - target: {fileID: 7882471789701650787, guid: 41d09ada54a7c654c9d56147ead2ffbd,
        type: 3}
      propertyPath: m_LocalRotation.y
      value: 0
      objectReference: {fileID: 0}
    - target: {fileID: 7882471789701650787, guid: 41d09ada54a7c654c9d56147ead2ffbd,
        type: 3}
      propertyPath: m_LocalRotation.z
      value: 0
      objectReference: {fileID: 0}
    - target: {fileID: 7882471789701650787, guid: 41d09ada54a7c654c9d56147ead2ffbd,
        type: 3}
      propertyPath: m_LocalRotation.w
      value: 1
      objectReference: {fileID: 0}
    - target: {fileID: 7882471789701650787, guid: 41d09ada54a7c654c9d56147ead2ffbd,
        type: 3}
      propertyPath: m_RootOrder
      value: 5
      objectReference: {fileID: 0}
    - target: {fileID: 7882471789701650787, guid: 41d09ada54a7c654c9d56147ead2ffbd,
        type: 3}
      propertyPath: m_LocalEulerAnglesHint.x
      value: 0
      objectReference: {fileID: 0}
    - target: {fileID: 7882471789701650787, guid: 41d09ada54a7c654c9d56147ead2ffbd,
        type: 3}
      propertyPath: m_LocalEulerAnglesHint.y
      value: 0
      objectReference: {fileID: 0}
    - target: {fileID: 7882471789701650787, guid: 41d09ada54a7c654c9d56147ead2ffbd,
        type: 3}
      propertyPath: m_LocalEulerAnglesHint.z
      value: 0
      objectReference: {fileID: 0}
    - target: {fileID: 7882471789701650787, guid: 41d09ada54a7c654c9d56147ead2ffbd,
        type: 3}
      propertyPath: m_LocalScale.x
      value: 1
      objectReference: {fileID: 0}
    - target: {fileID: 7882471789701650787, guid: 41d09ada54a7c654c9d56147ead2ffbd,
        type: 3}
      propertyPath: m_LocalScale.y
      value: 1
      objectReference: {fileID: 0}
    - target: {fileID: 7882471789701650787, guid: 41d09ada54a7c654c9d56147ead2ffbd,
        type: 3}
      propertyPath: m_LocalScale.z
      value: 1
      objectReference: {fileID: 0}
    - target: {fileID: 8898459997805337916, guid: 41d09ada54a7c654c9d56147ead2ffbd,
        type: 3}
      propertyPath: SortingLayer
      value: TorsoNeck
      objectReference: {fileID: 0}
    - target: {fileID: 8898459997805337916, guid: 41d09ada54a7c654c9d56147ead2ffbd,
        type: 3}
      propertyPath: animController
      value: 
      objectReference: {fileID: 8336384333932986350}
    - target: {fileID: 1490264988315518429, guid: 41d09ada54a7c654c9d56147ead2ffbd,
        type: 3}
      propertyPath: m_LocalRotation.x
      value: 0
      objectReference: {fileID: 0}
    - target: {fileID: 1490264988315518429, guid: 41d09ada54a7c654c9d56147ead2ffbd,
        type: 3}
      propertyPath: m_LocalRotation.y
      value: 0
      objectReference: {fileID: 0}
    - target: {fileID: 1490264988315518429, guid: 41d09ada54a7c654c9d56147ead2ffbd,
        type: 3}
      propertyPath: m_LocalRotation.z
      value: 0.0050413427
      objectReference: {fileID: 0}
    - target: {fileID: 1490264988315518429, guid: 41d09ada54a7c654c9d56147ead2ffbd,
        type: 3}
      propertyPath: m_LocalRotation.w
      value: 0.9999873
      objectReference: {fileID: 0}
    - target: {fileID: 1490264988315518429, guid: 41d09ada54a7c654c9d56147ead2ffbd,
        type: 3}
      propertyPath: m_LocalPosition.x
      value: -0.13839254
      objectReference: {fileID: 0}
    - target: {fileID: 1490264988315518429, guid: 41d09ada54a7c654c9d56147ead2ffbd,
        type: 3}
      propertyPath: m_LocalPosition.y
      value: -0.8693275
      objectReference: {fileID: 0}
    - target: {fileID: 2407177933628931370, guid: 41d09ada54a7c654c9d56147ead2ffbd,
        type: 3}
      propertyPath: m_LocalRotation.x
      value: 0
      objectReference: {fileID: 0}
    - target: {fileID: 2407177933628931370, guid: 41d09ada54a7c654c9d56147ead2ffbd,
        type: 3}
      propertyPath: m_LocalRotation.y
      value: 0
      objectReference: {fileID: 0}
    - target: {fileID: 2407177933628931370, guid: 41d09ada54a7c654c9d56147ead2ffbd,
        type: 3}
      propertyPath: m_LocalRotation.z
      value: 0.07295312
      objectReference: {fileID: 0}
    - target: {fileID: 2407177933628931370, guid: 41d09ada54a7c654c9d56147ead2ffbd,
        type: 3}
      propertyPath: m_LocalRotation.w
      value: -0.9973354
      objectReference: {fileID: 0}
    - target: {fileID: 2407177933628931370, guid: 41d09ada54a7c654c9d56147ead2ffbd,
        type: 3}
      propertyPath: m_LocalPosition.x
      value: -0.7791039
      objectReference: {fileID: 0}
    - target: {fileID: 2407177933628931370, guid: 41d09ada54a7c654c9d56147ead2ffbd,
        type: 3}
      propertyPath: m_LocalPosition.y
      value: 4.0471206
      objectReference: {fileID: 0}
    - target: {fileID: 68133556463453954, guid: 41d09ada54a7c654c9d56147ead2ffbd,
        type: 3}
      propertyPath: m_LocalPosition.x
      value: 0.18402682
      objectReference: {fileID: 0}
    - target: {fileID: 68133556463453954, guid: 41d09ada54a7c654c9d56147ead2ffbd,
        type: 3}
      propertyPath: m_LocalPosition.y
      value: 0.54134184
      objectReference: {fileID: 0}
    - target: {fileID: 3221585707238175254, guid: 41d09ada54a7c654c9d56147ead2ffbd,
        type: 3}
      propertyPath: m_Sprite
      value: 
      objectReference: {fileID: 21300000, guid: a3704c8659718d0469e97262ab11c477,
        type: 3}
    - target: {fileID: 3221585707238175254, guid: 41d09ada54a7c654c9d56147ead2ffbd,
        type: 3}
      propertyPath: m_Size.x
      value: 4.79
      objectReference: {fileID: 0}
    - target: {fileID: 3221585707238175254, guid: 41d09ada54a7c654c9d56147ead2ffbd,
        type: 3}
      propertyPath: m_Size.y
      value: 3.48
      objectReference: {fileID: 0}
    - target: {fileID: 3221585707238175254, guid: 41d09ada54a7c654c9d56147ead2ffbd,
        type: 3}
      propertyPath: m_WasSpriteAssigned
      value: 1
      objectReference: {fileID: 0}
    - target: {fileID: 980446973142481995, guid: 41d09ada54a7c654c9d56147ead2ffbd,
        type: 3}
      propertyPath: m_SortingOrder
      value: 1
      objectReference: {fileID: 0}
    - target: {fileID: 980446973142481995, guid: 41d09ada54a7c654c9d56147ead2ffbd,
        type: 3}
      propertyPath: m_Sprite
      value: 
      objectReference: {fileID: 21300000, guid: 8990739b10f36da4b9268119d330c299,
        type: 3}
    - target: {fileID: 980446973142481995, guid: 41d09ada54a7c654c9d56147ead2ffbd,
        type: 3}
      propertyPath: m_Size.x
      value: 2.18
      objectReference: {fileID: 0}
    - target: {fileID: 980446973142481995, guid: 41d09ada54a7c654c9d56147ead2ffbd,
        type: 3}
      propertyPath: m_Size.y
      value: 1.93
      objectReference: {fileID: 0}
    - target: {fileID: 980446973142481995, guid: 41d09ada54a7c654c9d56147ead2ffbd,
        type: 3}
      propertyPath: m_WasSpriteAssigned
      value: 1
      objectReference: {fileID: 0}
    m_RemovedComponents: []
  m_SourcePrefab: {fileID: 100100000, guid: 41d09ada54a7c654c9d56147ead2ffbd, type: 3}
--- !u!4 &5015758380414879853 stripped
Transform:
  m_CorrespondingSourceObject: {fileID: 7882471789701650787, guid: 41d09ada54a7c654c9d56147ead2ffbd,
    type: 3}
  m_PrefabInstance: {fileID: 2954264566301004046}
  m_PrefabAsset: {fileID: 0}
--- !u!1001 &4934388746864733138
PrefabInstance:
  m_ObjectHideFlags: 0
  serializedVersion: 2
  m_Modification:
    m_TransformParent: {fileID: 921374357830848789}
    m_Modifications:
    - target: {fileID: 8141386204202343673, guid: 5a9a20a8f6411584885875b25331fc98,
        type: 3}
      propertyPath: m_Name
      value: Explosions
      objectReference: {fileID: 0}
    - target: {fileID: 6046086590546411258, guid: 5a9a20a8f6411584885875b25331fc98,
        type: 3}
      propertyPath: m_LocalPosition.x
      value: 0
      objectReference: {fileID: 0}
    - target: {fileID: 6046086590546411258, guid: 5a9a20a8f6411584885875b25331fc98,
        type: 3}
      propertyPath: m_LocalPosition.y
      value: 0
      objectReference: {fileID: 0}
    - target: {fileID: 6046086590546411258, guid: 5a9a20a8f6411584885875b25331fc98,
        type: 3}
      propertyPath: m_LocalPosition.z
      value: 0
      objectReference: {fileID: 0}
    - target: {fileID: 6046086590546411258, guid: 5a9a20a8f6411584885875b25331fc98,
        type: 3}
      propertyPath: m_LocalRotation.x
      value: 0
      objectReference: {fileID: 0}
    - target: {fileID: 6046086590546411258, guid: 5a9a20a8f6411584885875b25331fc98,
        type: 3}
      propertyPath: m_LocalRotation.y
      value: 0
      objectReference: {fileID: 0}
    - target: {fileID: 6046086590546411258, guid: 5a9a20a8f6411584885875b25331fc98,
        type: 3}
      propertyPath: m_LocalRotation.z
      value: 0
      objectReference: {fileID: 0}
    - target: {fileID: 6046086590546411258, guid: 5a9a20a8f6411584885875b25331fc98,
        type: 3}
      propertyPath: m_LocalRotation.w
      value: 1
      objectReference: {fileID: 0}
    - target: {fileID: 6046086590546411258, guid: 5a9a20a8f6411584885875b25331fc98,
        type: 3}
      propertyPath: m_RootOrder
      value: 0
      objectReference: {fileID: 0}
    - target: {fileID: 6046086590546411258, guid: 5a9a20a8f6411584885875b25331fc98,
        type: 3}
      propertyPath: m_LocalEulerAnglesHint.x
      value: 0
      objectReference: {fileID: 0}
    - target: {fileID: 6046086590546411258, guid: 5a9a20a8f6411584885875b25331fc98,
        type: 3}
      propertyPath: m_LocalEulerAnglesHint.y
      value: 0
      objectReference: {fileID: 0}
    - target: {fileID: 6046086590546411258, guid: 5a9a20a8f6411584885875b25331fc98,
        type: 3}
      propertyPath: m_LocalEulerAnglesHint.z
      value: 0
      objectReference: {fileID: 0}
    m_RemovedComponents: []
  m_SourcePrefab: {fileID: 100100000, guid: 5a9a20a8f6411584885875b25331fc98, type: 3}
--- !u!4 &1698556158027748648 stripped
Transform:
  m_CorrespondingSourceObject: {fileID: 6046086590546411258, guid: 5a9a20a8f6411584885875b25331fc98,
    type: 3}
  m_PrefabInstance: {fileID: 4934388746864733138}
  m_PrefabAsset: {fileID: 0}
--- !u!1001 &4982798991571082697
PrefabInstance:
  m_ObjectHideFlags: 0
  serializedVersion: 2
  m_Modification:
    m_TransformParent: {fileID: 921374357830848789}
    m_Modifications:
    - target: {fileID: 7369561079465224493, guid: 0bb1aaf6b4b77a84eb8ef98e879b1c97,
        type: 3}
      propertyPath: m_Name
      value: viol_inf_right_arm
      objectReference: {fileID: 0}
    - target: {fileID: 735594312498892931, guid: 0bb1aaf6b4b77a84eb8ef98e879b1c97,
        type: 3}
      propertyPath: m_LocalPosition.x
      value: 0
      objectReference: {fileID: 0}
    - target: {fileID: 735594312498892931, guid: 0bb1aaf6b4b77a84eb8ef98e879b1c97,
        type: 3}
      propertyPath: m_LocalPosition.y
      value: 0
      objectReference: {fileID: 0}
    - target: {fileID: 735594312498892931, guid: 0bb1aaf6b4b77a84eb8ef98e879b1c97,
        type: 3}
      propertyPath: m_LocalPosition.z
      value: 0
      objectReference: {fileID: 0}
    - target: {fileID: 735594312498892931, guid: 0bb1aaf6b4b77a84eb8ef98e879b1c97,
        type: 3}
      propertyPath: m_LocalRotation.x
      value: 0
      objectReference: {fileID: 0}
    - target: {fileID: 735594312498892931, guid: 0bb1aaf6b4b77a84eb8ef98e879b1c97,
        type: 3}
      propertyPath: m_LocalRotation.y
      value: 0
      objectReference: {fileID: 0}
    - target: {fileID: 735594312498892931, guid: 0bb1aaf6b4b77a84eb8ef98e879b1c97,
        type: 3}
      propertyPath: m_LocalRotation.z
      value: 0
      objectReference: {fileID: 0}
    - target: {fileID: 735594312498892931, guid: 0bb1aaf6b4b77a84eb8ef98e879b1c97,
        type: 3}
      propertyPath: m_LocalRotation.w
      value: 1
      objectReference: {fileID: 0}
    - target: {fileID: 735594312498892931, guid: 0bb1aaf6b4b77a84eb8ef98e879b1c97,
        type: 3}
      propertyPath: m_RootOrder
      value: 4
      objectReference: {fileID: 0}
    - target: {fileID: 735594312498892931, guid: 0bb1aaf6b4b77a84eb8ef98e879b1c97,
        type: 3}
      propertyPath: m_LocalEulerAnglesHint.x
      value: 0
      objectReference: {fileID: 0}
    - target: {fileID: 735594312498892931, guid: 0bb1aaf6b4b77a84eb8ef98e879b1c97,
        type: 3}
      propertyPath: m_LocalEulerAnglesHint.y
      value: 0
      objectReference: {fileID: 0}
    - target: {fileID: 735594312498892931, guid: 0bb1aaf6b4b77a84eb8ef98e879b1c97,
        type: 3}
      propertyPath: m_LocalEulerAnglesHint.z
      value: 0
      objectReference: {fileID: 0}
    - target: {fileID: 735594312498892931, guid: 0bb1aaf6b4b77a84eb8ef98e879b1c97,
        type: 3}
      propertyPath: m_LocalScale.x
      value: 1
      objectReference: {fileID: 0}
    - target: {fileID: 735594312498892931, guid: 0bb1aaf6b4b77a84eb8ef98e879b1c97,
        type: 3}
      propertyPath: m_LocalScale.y
      value: 1
      objectReference: {fileID: 0}
    - target: {fileID: 735594312498892931, guid: 0bb1aaf6b4b77a84eb8ef98e879b1c97,
        type: 3}
      propertyPath: m_LocalScale.z
      value: 1
      objectReference: {fileID: 0}
    - target: {fileID: 8557239872589462375, guid: 0bb1aaf6b4b77a84eb8ef98e879b1c97,
        type: 3}
      propertyPath: SortingLayer
      value: RightArm_it
      objectReference: {fileID: 0}
    - target: {fileID: 8557239872589462375, guid: 0bb1aaf6b4b77a84eb8ef98e879b1c97,
        type: 3}
      propertyPath: animController
      value: 
      objectReference: {fileID: 8336384333932986350}
    - target: {fileID: 3703427150267893367, guid: 0bb1aaf6b4b77a84eb8ef98e879b1c97,
        type: 3}
      propertyPath: m_IsActive
      value: 0
      objectReference: {fileID: 0}
    - target: {fileID: 8750342921433091155, guid: 0bb1aaf6b4b77a84eb8ef98e879b1c97,
        type: 3}
      propertyPath: m_IsActive
      value: 0
      objectReference: {fileID: 0}
    - target: {fileID: 6730255368817517536, guid: 0bb1aaf6b4b77a84eb8ef98e879b1c97,
        type: 3}
      propertyPath: m_IsActive
      value: 0
      objectReference: {fileID: 0}
    - target: {fileID: 2972585557925386726, guid: 0bb1aaf6b4b77a84eb8ef98e879b1c97,
        type: 3}
      propertyPath: m_IsActive
      value: 0
      objectReference: {fileID: 0}
    - target: {fileID: 2128176079926447188, guid: 0bb1aaf6b4b77a84eb8ef98e879b1c97,
        type: 3}
      propertyPath: m_IsActive
      value: 0
      objectReference: {fileID: 0}
    - target: {fileID: 7560561787009919260, guid: 0bb1aaf6b4b77a84eb8ef98e879b1c97,
        type: 3}
      propertyPath: m_IsActive
      value: 0
      objectReference: {fileID: 0}
    - target: {fileID: 7789395682345208677, guid: 0bb1aaf6b4b77a84eb8ef98e879b1c97,
        type: 3}
      propertyPath: m_IsActive
      value: 0
      objectReference: {fileID: 0}
    - target: {fileID: 3551251145962121799, guid: 0bb1aaf6b4b77a84eb8ef98e879b1c97,
        type: 3}
      propertyPath: m_IsActive
      value: 0
      objectReference: {fileID: 0}
    - target: {fileID: 1928949070074912548, guid: 0bb1aaf6b4b77a84eb8ef98e879b1c97,
        type: 3}
      propertyPath: m_IsActive
      value: 0
      objectReference: {fileID: 0}
    - target: {fileID: 606505834754409885, guid: 0bb1aaf6b4b77a84eb8ef98e879b1c97,
        type: 3}
      propertyPath: m_IsActive
      value: 0
      objectReference: {fileID: 0}
    - target: {fileID: 4883129439689171041, guid: 0bb1aaf6b4b77a84eb8ef98e879b1c97,
        type: 3}
      propertyPath: m_IsActive
      value: 0
      objectReference: {fileID: 0}
    - target: {fileID: 6046087749766754612, guid: 0bb1aaf6b4b77a84eb8ef98e879b1c97,
        type: 3}
      propertyPath: m_IsActive
      value: 0
      objectReference: {fileID: 0}
    - target: {fileID: 6191883193318217584, guid: 0bb1aaf6b4b77a84eb8ef98e879b1c97,
        type: 3}
      propertyPath: m_IsActive
      value: 0
      objectReference: {fileID: 0}
    - target: {fileID: 235253497281840690, guid: 0bb1aaf6b4b77a84eb8ef98e879b1c97,
        type: 3}
      propertyPath: m_IsActive
      value: 0
      objectReference: {fileID: 0}
    - target: {fileID: 3703303529718439194, guid: 0bb1aaf6b4b77a84eb8ef98e879b1c97,
        type: 3}
      propertyPath: m_IsActive
      value: 0
      objectReference: {fileID: 0}
    - target: {fileID: 5266984361306311272, guid: 0bb1aaf6b4b77a84eb8ef98e879b1c97,
        type: 3}
      propertyPath: m_IsActive
      value: 0
      objectReference: {fileID: 0}
    - target: {fileID: 2153602857460592351, guid: 0bb1aaf6b4b77a84eb8ef98e879b1c97,
        type: 3}
      propertyPath: m_LocalRotation.x
      value: 0
      objectReference: {fileID: 0}
    - target: {fileID: 2153602857460592351, guid: 0bb1aaf6b4b77a84eb8ef98e879b1c97,
        type: 3}
      propertyPath: m_LocalRotation.y
      value: 0
      objectReference: {fileID: 0}
    - target: {fileID: 2153602857460592351, guid: 0bb1aaf6b4b77a84eb8ef98e879b1c97,
        type: 3}
      propertyPath: m_LocalRotation.z
      value: 0.37682414
      objectReference: {fileID: 0}
    - target: {fileID: 2153602857460592351, guid: 0bb1aaf6b4b77a84eb8ef98e879b1c97,
        type: 3}
      propertyPath: m_LocalRotation.w
      value: 0.92628485
      objectReference: {fileID: 0}
    - target: {fileID: 2153602857460592351, guid: 0bb1aaf6b4b77a84eb8ef98e879b1c97,
        type: 3}
      propertyPath: m_LocalPosition.x
      value: -2.843212
      objectReference: {fileID: 0}
    - target: {fileID: 2153602857460592351, guid: 0bb1aaf6b4b77a84eb8ef98e879b1c97,
        type: 3}
      propertyPath: m_LocalPosition.y
      value: 2.3231328
      objectReference: {fileID: 0}
    - target: {fileID: 8286970439270573247, guid: 0bb1aaf6b4b77a84eb8ef98e879b1c97,
        type: 3}
      propertyPath: m_LocalRotation.x
      value: 0
      objectReference: {fileID: 0}
    - target: {fileID: 8286970439270573247, guid: 0bb1aaf6b4b77a84eb8ef98e879b1c97,
        type: 3}
      propertyPath: m_LocalRotation.y
      value: 0
      objectReference: {fileID: 0}
    - target: {fileID: 8286970439270573247, guid: 0bb1aaf6b4b77a84eb8ef98e879b1c97,
        type: 3}
      propertyPath: m_LocalRotation.z
      value: 0.55888224
      objectReference: {fileID: 0}
    - target: {fileID: 8286970439270573247, guid: 0bb1aaf6b4b77a84eb8ef98e879b1c97,
        type: 3}
      propertyPath: m_LocalRotation.w
      value: 0.82924706
      objectReference: {fileID: 0}
    - target: {fileID: 8286970439270573247, guid: 0bb1aaf6b4b77a84eb8ef98e879b1c97,
        type: 3}
      propertyPath: m_LocalPosition.x
      value: -7.2933726
      objectReference: {fileID: 0}
    - target: {fileID: 8286970439270573247, guid: 0bb1aaf6b4b77a84eb8ef98e879b1c97,
        type: 3}
      propertyPath: m_LocalPosition.y
      value: -4.3309174
      objectReference: {fileID: 0}
    - target: {fileID: 5121302384886766025, guid: 0bb1aaf6b4b77a84eb8ef98e879b1c97,
        type: 3}
      propertyPath: m_LocalPosition.x
      value: -2.2099001
      objectReference: {fileID: 0}
    - target: {fileID: 7256178946707924795, guid: 0bb1aaf6b4b77a84eb8ef98e879b1c97,
        type: 3}
      propertyPath: m_LocalPosition.x
      value: 2.0418
      objectReference: {fileID: 0}
    - target: {fileID: 4512797900317497771, guid: 0bb1aaf6b4b77a84eb8ef98e879b1c97,
        type: 3}
      propertyPath: m_Sprite
      value: 
      objectReference: {fileID: 21300000, guid: 4428cc11ba1d8054aa1a85737a235f98,
        type: 3}
    - target: {fileID: 4512797900317497771, guid: 0bb1aaf6b4b77a84eb8ef98e879b1c97,
        type: 3}
      propertyPath: m_Size.x
      value: 5.39
      objectReference: {fileID: 0}
    - target: {fileID: 4512797900317497771, guid: 0bb1aaf6b4b77a84eb8ef98e879b1c97,
        type: 3}
      propertyPath: m_Size.y
      value: 1.86
      objectReference: {fileID: 0}
    - target: {fileID: 4512797900317497771, guid: 0bb1aaf6b4b77a84eb8ef98e879b1c97,
        type: 3}
      propertyPath: m_WasSpriteAssigned
      value: 1
      objectReference: {fileID: 0}
    - target: {fileID: 8929667120613678996, guid: 0bb1aaf6b4b77a84eb8ef98e879b1c97,
        type: 3}
      propertyPath: m_SortingOrder
      value: 1
      objectReference: {fileID: 0}
    - target: {fileID: 8929667120613678996, guid: 0bb1aaf6b4b77a84eb8ef98e879b1c97,
        type: 3}
      propertyPath: m_Sprite
      value: 
      objectReference: {fileID: 21300000, guid: c5f19c32e4dbbca4a9296c48b9fa00e8,
        type: 3}
    - target: {fileID: 8929667120613678996, guid: 0bb1aaf6b4b77a84eb8ef98e879b1c97,
        type: 3}
      propertyPath: m_Size.x
      value: 4.98
      objectReference: {fileID: 0}
    - target: {fileID: 8929667120613678996, guid: 0bb1aaf6b4b77a84eb8ef98e879b1c97,
        type: 3}
      propertyPath: m_Size.y
      value: 1.49
      objectReference: {fileID: 0}
    - target: {fileID: 8929667120613678996, guid: 0bb1aaf6b4b77a84eb8ef98e879b1c97,
        type: 3}
      propertyPath: m_WasSpriteAssigned
      value: 1
      objectReference: {fileID: 0}
    m_RemovedComponents: []
  m_SourcePrefab: {fileID: 100100000, guid: 0bb1aaf6b4b77a84eb8ef98e879b1c97, type: 3}
--- !u!4 &5697948983546056010 stripped
Transform:
  m_CorrespondingSourceObject: {fileID: 735594312498892931, guid: 0bb1aaf6b4b77a84eb8ef98e879b1c97,
    type: 3}
  m_PrefabInstance: {fileID: 4982798991571082697}
  m_PrefabAsset: {fileID: 0}
--- !u!1001 &5593024924674054176
PrefabInstance:
  m_ObjectHideFlags: 0
  serializedVersion: 2
  m_Modification:
    m_TransformParent: {fileID: 921374357830848789}
    m_Modifications:
    - target: {fileID: 6397585455686853627, guid: a1de377f9f346d04d942c36668449e6c,
        type: 3}
      propertyPath: m_Name
      value: viol_inf_fist
      objectReference: {fileID: 0}
    - target: {fileID: 4723468405152839169, guid: a1de377f9f346d04d942c36668449e6c,
        type: 3}
      propertyPath: m_LocalPosition.x
      value: 0
      objectReference: {fileID: 0}
    - target: {fileID: 4723468405152839169, guid: a1de377f9f346d04d942c36668449e6c,
        type: 3}
      propertyPath: m_LocalPosition.y
      value: 0
      objectReference: {fileID: 0}
    - target: {fileID: 4723468405152839169, guid: a1de377f9f346d04d942c36668449e6c,
        type: 3}
      propertyPath: m_LocalPosition.z
      value: 0
      objectReference: {fileID: 0}
    - target: {fileID: 4723468405152839169, guid: a1de377f9f346d04d942c36668449e6c,
        type: 3}
      propertyPath: m_LocalRotation.x
      value: 0
      objectReference: {fileID: 0}
    - target: {fileID: 4723468405152839169, guid: a1de377f9f346d04d942c36668449e6c,
        type: 3}
      propertyPath: m_LocalRotation.y
      value: 0
      objectReference: {fileID: 0}
    - target: {fileID: 4723468405152839169, guid: a1de377f9f346d04d942c36668449e6c,
        type: 3}
      propertyPath: m_LocalRotation.z
      value: 0
      objectReference: {fileID: 0}
    - target: {fileID: 4723468405152839169, guid: a1de377f9f346d04d942c36668449e6c,
        type: 3}
      propertyPath: m_LocalRotation.w
      value: 1
      objectReference: {fileID: 0}
    - target: {fileID: 4723468405152839169, guid: a1de377f9f346d04d942c36668449e6c,
        type: 3}
      propertyPath: m_RootOrder
      value: 3
      objectReference: {fileID: 0}
    - target: {fileID: 4723468405152839169, guid: a1de377f9f346d04d942c36668449e6c,
        type: 3}
      propertyPath: m_LocalEulerAnglesHint.x
      value: 0
      objectReference: {fileID: 0}
    - target: {fileID: 4723468405152839169, guid: a1de377f9f346d04d942c36668449e6c,
        type: 3}
      propertyPath: m_LocalEulerAnglesHint.y
      value: 0
      objectReference: {fileID: 0}
    - target: {fileID: 4723468405152839169, guid: a1de377f9f346d04d942c36668449e6c,
        type: 3}
      propertyPath: m_LocalEulerAnglesHint.z
      value: 0
      objectReference: {fileID: 0}
    - target: {fileID: 4723468405152839169, guid: a1de377f9f346d04d942c36668449e6c,
        type: 3}
      propertyPath: m_LocalScale.x
      value: 1
      objectReference: {fileID: 0}
    - target: {fileID: 4723468405152839169, guid: a1de377f9f346d04d942c36668449e6c,
        type: 3}
      propertyPath: m_LocalScale.y
      value: 1
      objectReference: {fileID: 0}
    - target: {fileID: 4723468405152839169, guid: a1de377f9f346d04d942c36668449e6c,
        type: 3}
      propertyPath: m_LocalScale.z
      value: 1
      objectReference: {fileID: 0}
    - target: {fileID: 1327644747946242064, guid: a1de377f9f346d04d942c36668449e6c,
        type: 3}
      propertyPath: SortingLayer
      value: Fists
      objectReference: {fileID: 0}
    - target: {fileID: 1327644747946242064, guid: a1de377f9f346d04d942c36668449e6c,
        type: 3}
      propertyPath: animController
      value: 
      objectReference: {fileID: 8336384333932986350}
    - target: {fileID: 4771762882442765478, guid: a1de377f9f346d04d942c36668449e6c,
        type: 3}
      propertyPath: m_IsActive
      value: 0
      objectReference: {fileID: 0}
    - target: {fileID: 637464215386355999, guid: a1de377f9f346d04d942c36668449e6c,
        type: 3}
      propertyPath: m_IsActive
      value: 0
      objectReference: {fileID: 0}
    - target: {fileID: 2960357766533815261, guid: a1de377f9f346d04d942c36668449e6c,
        type: 3}
      propertyPath: m_IsActive
      value: 0
      objectReference: {fileID: 0}
    - target: {fileID: 5000202368610283489, guid: a1de377f9f346d04d942c36668449e6c,
        type: 3}
      propertyPath: m_IsActive
      value: 0
      objectReference: {fileID: 0}
    - target: {fileID: 7445224866191639860, guid: a1de377f9f346d04d942c36668449e6c,
        type: 3}
      propertyPath: m_IsActive
      value: 0
      objectReference: {fileID: 0}
    - target: {fileID: 3886079450805792586, guid: a1de377f9f346d04d942c36668449e6c,
        type: 3}
      propertyPath: m_IsActive
      value: 0
      objectReference: {fileID: 0}
    - target: {fileID: 546714414877750985, guid: a1de377f9f346d04d942c36668449e6c,
        type: 3}
      propertyPath: m_IsActive
      value: 0
      objectReference: {fileID: 0}
    - target: {fileID: 628383122625738014, guid: a1de377f9f346d04d942c36668449e6c,
        type: 3}
      propertyPath: m_IsActive
      value: 0
      objectReference: {fileID: 0}
    - target: {fileID: 3580845462310155645, guid: a1de377f9f346d04d942c36668449e6c,
        type: 3}
      propertyPath: m_IsActive
      value: 0
      objectReference: {fileID: 0}
    - target: {fileID: 7514604665056614839, guid: a1de377f9f346d04d942c36668449e6c,
        type: 3}
      propertyPath: m_IsActive
      value: 0
      objectReference: {fileID: 0}
    - target: {fileID: 4284429218085348076, guid: a1de377f9f346d04d942c36668449e6c,
        type: 3}
      propertyPath: m_IsActive
      value: 0
      objectReference: {fileID: 0}
    - target: {fileID: 8488452420738505215, guid: a1de377f9f346d04d942c36668449e6c,
        type: 3}
      propertyPath: m_IsActive
      value: 0
      objectReference: {fileID: 0}
    - target: {fileID: 8004915220815476872, guid: a1de377f9f346d04d942c36668449e6c,
        type: 3}
      propertyPath: m_IsActive
      value: 0
      objectReference: {fileID: 0}
    - target: {fileID: 5021262895279079231, guid: a1de377f9f346d04d942c36668449e6c,
        type: 3}
      propertyPath: m_IsActive
      value: 0
      objectReference: {fileID: 0}
    - target: {fileID: 161090466009602460, guid: a1de377f9f346d04d942c36668449e6c,
        type: 3}
      propertyPath: m_IsActive
      value: 0
      objectReference: {fileID: 0}
    - target: {fileID: 2740767479727633818, guid: a1de377f9f346d04d942c36668449e6c,
        type: 3}
      propertyPath: m_IsActive
      value: 0
      objectReference: {fileID: 0}
    - target: {fileID: 3895533471301643164, guid: a1de377f9f346d04d942c36668449e6c,
        type: 3}
      propertyPath: m_LocalRotation.x
      value: 0
      objectReference: {fileID: 0}
    - target: {fileID: 3895533471301643164, guid: a1de377f9f346d04d942c36668449e6c,
        type: 3}
      propertyPath: m_LocalRotation.y
      value: 0
      objectReference: {fileID: 0}
    - target: {fileID: 3895533471301643164, guid: a1de377f9f346d04d942c36668449e6c,
        type: 3}
      propertyPath: m_LocalRotation.z
      value: 0.6164494
      objectReference: {fileID: 0}
    - target: {fileID: 3895533471301643164, guid: a1de377f9f346d04d942c36668449e6c,
        type: 3}
      propertyPath: m_LocalRotation.w
      value: 0.7873945
      objectReference: {fileID: 0}
    - target: {fileID: 3895533471301643164, guid: a1de377f9f346d04d942c36668449e6c,
        type: 3}
      propertyPath: m_LocalPosition.x
      value: -7.3574724
      objectReference: {fileID: 0}
    - target: {fileID: 3895533471301643164, guid: a1de377f9f346d04d942c36668449e6c,
        type: 3}
      propertyPath: m_LocalPosition.y
      value: -4.4704633
      objectReference: {fileID: 0}
    - target: {fileID: 7075385023991828000, guid: a1de377f9f346d04d942c36668449e6c,
        type: 3}
      propertyPath: m_LocalPosition.x
      value: -1.0100999
      objectReference: {fileID: 0}
    - target: {fileID: 7075385023991828000, guid: a1de377f9f346d04d942c36668449e6c,
        type: 3}
      propertyPath: m_LocalPosition.y
      value: -0.00000006347895
      objectReference: {fileID: 0}
    - target: {fileID: 7638978930093150651, guid: a1de377f9f346d04d942c36668449e6c,
        type: 3}
      propertyPath: m_Sprite
      value: 
      objectReference: {fileID: 21300000, guid: dfc758067e1a2dc41b174e97c19f5142,
        type: 3}
    - target: {fileID: 7638978930093150651, guid: a1de377f9f346d04d942c36668449e6c,
        type: 3}
      propertyPath: m_Size.x
      value: 2.59
      objectReference: {fileID: 0}
    - target: {fileID: 7638978930093150651, guid: a1de377f9f346d04d942c36668449e6c,
        type: 3}
      propertyPath: m_Size.y
      value: 2.13
      objectReference: {fileID: 0}
    - target: {fileID: 7638978930093150651, guid: a1de377f9f346d04d942c36668449e6c,
        type: 3}
      propertyPath: m_WasSpriteAssigned
      value: 1
      objectReference: {fileID: 0}
    m_RemovedComponents: []
  m_SourcePrefab: {fileID: 100100000, guid: a1de377f9f346d04d942c36668449e6c, type: 3}
--- !u!4 &870122664959684129 stripped
Transform:
  m_CorrespondingSourceObject: {fileID: 4723468405152839169, guid: a1de377f9f346d04d942c36668449e6c,
    type: 3}
  m_PrefabInstance: {fileID: 5593024924674054176}
  m_PrefabAsset: {fileID: 0}
--- !u!1001 &6057569860966152862
PrefabInstance:
  m_ObjectHideFlags: 0
  serializedVersion: 2
  m_Modification:
    m_TransformParent: {fileID: 921374357830848789}
    m_Modifications:
    - target: {fileID: 7775912322041317202, guid: ba3267d9c954dbf4d9c18d7d520632ea,
        type: 3}
      propertyPath: m_Name
      value: viol_inf_chest
      objectReference: {fileID: 0}
    - target: {fileID: 1998741881593517807, guid: ba3267d9c954dbf4d9c18d7d520632ea,
        type: 3}
      propertyPath: m_LocalPosition.x
      value: 0
      objectReference: {fileID: 0}
    - target: {fileID: 1998741881593517807, guid: ba3267d9c954dbf4d9c18d7d520632ea,
        type: 3}
      propertyPath: m_LocalPosition.y
      value: 0
      objectReference: {fileID: 0}
    - target: {fileID: 1998741881593517807, guid: ba3267d9c954dbf4d9c18d7d520632ea,
        type: 3}
      propertyPath: m_LocalPosition.z
      value: 0
      objectReference: {fileID: 0}
    - target: {fileID: 1998741881593517807, guid: ba3267d9c954dbf4d9c18d7d520632ea,
        type: 3}
      propertyPath: m_LocalRotation.x
      value: 0
      objectReference: {fileID: 0}
    - target: {fileID: 1998741881593517807, guid: ba3267d9c954dbf4d9c18d7d520632ea,
        type: 3}
      propertyPath: m_LocalRotation.y
      value: 0
      objectReference: {fileID: 0}
    - target: {fileID: 1998741881593517807, guid: ba3267d9c954dbf4d9c18d7d520632ea,
        type: 3}
      propertyPath: m_LocalRotation.z
      value: 0
      objectReference: {fileID: 0}
    - target: {fileID: 1998741881593517807, guid: ba3267d9c954dbf4d9c18d7d520632ea,
        type: 3}
      propertyPath: m_LocalRotation.w
      value: 1
      objectReference: {fileID: 0}
    - target: {fileID: 1998741881593517807, guid: ba3267d9c954dbf4d9c18d7d520632ea,
        type: 3}
      propertyPath: m_RootOrder
      value: 1
      objectReference: {fileID: 0}
    - target: {fileID: 1998741881593517807, guid: ba3267d9c954dbf4d9c18d7d520632ea,
        type: 3}
      propertyPath: m_LocalEulerAnglesHint.x
      value: 0
      objectReference: {fileID: 0}
    - target: {fileID: 1998741881593517807, guid: ba3267d9c954dbf4d9c18d7d520632ea,
        type: 3}
      propertyPath: m_LocalEulerAnglesHint.y
      value: 0
      objectReference: {fileID: 0}
    - target: {fileID: 1998741881593517807, guid: ba3267d9c954dbf4d9c18d7d520632ea,
        type: 3}
      propertyPath: m_LocalEulerAnglesHint.z
      value: 0
      objectReference: {fileID: 0}
    - target: {fileID: 1998741881593517807, guid: ba3267d9c954dbf4d9c18d7d520632ea,
        type: 3}
      propertyPath: m_LocalScale.x
      value: 1
      objectReference: {fileID: 0}
    - target: {fileID: 1998741881593517807, guid: ba3267d9c954dbf4d9c18d7d520632ea,
        type: 3}
      propertyPath: m_LocalScale.y
      value: 1
      objectReference: {fileID: 0}
    - target: {fileID: 1998741881593517807, guid: ba3267d9c954dbf4d9c18d7d520632ea,
        type: 3}
      propertyPath: m_LocalScale.z
      value: 1
      objectReference: {fileID: 0}
    - target: {fileID: 7882840059415826989, guid: ba3267d9c954dbf4d9c18d7d520632ea,
        type: 3}
      propertyPath: SortingLayer
      value: Chest
      objectReference: {fileID: 0}
    - target: {fileID: 7882840059415826989, guid: ba3267d9c954dbf4d9c18d7d520632ea,
        type: 3}
      propertyPath: animController
      value: 
      objectReference: {fileID: 8336384333932986350}
    - target: {fileID: 1146139400714162198, guid: ba3267d9c954dbf4d9c18d7d520632ea,
        type: 3}
      propertyPath: m_LocalRotation.x
      value: 0
      objectReference: {fileID: 0}
    - target: {fileID: 1146139400714162198, guid: ba3267d9c954dbf4d9c18d7d520632ea,
        type: 3}
      propertyPath: m_LocalRotation.y
      value: 0
      objectReference: {fileID: 0}
    - target: {fileID: 1146139400714162198, guid: ba3267d9c954dbf4d9c18d7d520632ea,
        type: 3}
      propertyPath: m_LocalRotation.z
      value: 0.016371863
      objectReference: {fileID: 0}
    - target: {fileID: 1146139400714162198, guid: ba3267d9c954dbf4d9c18d7d520632ea,
        type: 3}
      propertyPath: m_LocalRotation.w
      value: -0.999866
      objectReference: {fileID: 0}
    - target: {fileID: 1146139400714162198, guid: ba3267d9c954dbf4d9c18d7d520632ea,
        type: 3}
      propertyPath: m_LocalPosition.x
      value: -0.22547898
      objectReference: {fileID: 0}
    - target: {fileID: 1146139400714162198, guid: ba3267d9c954dbf4d9c18d7d520632ea,
        type: 3}
      propertyPath: m_LocalPosition.y
      value: 1.8074945
      objectReference: {fileID: 0}
    - target: {fileID: 4954982131805236305, guid: ba3267d9c954dbf4d9c18d7d520632ea,
        type: 3}
      propertyPath: m_LocalPosition.y
      value: -0.00000012814999
      objectReference: {fileID: 0}
    - target: {fileID: 4048356499514127917, guid: ba3267d9c954dbf4d9c18d7d520632ea,
        type: 3}
      propertyPath: m_Sprite
      value: 
      objectReference: {fileID: 21300000, guid: 7f9f8050c66add94295100adf446e1af,
        type: 3}
    - target: {fileID: 4048356499514127917, guid: ba3267d9c954dbf4d9c18d7d520632ea,
        type: 3}
      propertyPath: m_Size.x
      value: 6.47
      objectReference: {fileID: 0}
    - target: {fileID: 4048356499514127917, guid: ba3267d9c954dbf4d9c18d7d520632ea,
        type: 3}
      propertyPath: m_Size.y
      value: 4.3
      objectReference: {fileID: 0}
    - target: {fileID: 4048356499514127917, guid: ba3267d9c954dbf4d9c18d7d520632ea,
        type: 3}
      propertyPath: m_WasSpriteAssigned
      value: 1
      objectReference: {fileID: 0}
    m_RemovedComponents: []
  m_SourcePrefab: {fileID: 100100000, guid: ba3267d9c954dbf4d9c18d7d520632ea, type: 3}
--- !u!4 &5741028047334419569 stripped
Transform:
  m_CorrespondingSourceObject: {fileID: 1998741881593517807, guid: ba3267d9c954dbf4d9c18d7d520632ea,
    type: 3}
  m_PrefabInstance: {fileID: 6057569860966152862}
  m_PrefabAsset: {fileID: 0}
